4684 5792
1097 767 1136 832 15

418 966 536 1044 Quodsi
563 965 597 1031 id
624 965 709 1051 quod
728 965 833 1032 Varro
859 969 1022 1052 proestere
1049 964 1151 1030 soluit
1170 983 1336 1049 oomperss
1356 984 1428 1030 oum
1449 985 1486 1031 eo
1507 964 1593 1050 qnod
1613 985 1724 1032 revers
1743 967 1915 1051 praestitit,

318 1088 388 1148 tnm
416 1082 536 1168 optime
563 1080 603 1146 de
630 1079 796 1165 disciplina
825 1079 1039 1166 etymologine
1067 1077 1257 1145 difficillima
1291 1079 1439 1159 meritus,
1477 1083 1547 1144 tum
1580 1079 1738 1166 principie
1764 1081 1849 1148 unde
1877 1103 1916 1148 ee

319 1197 475 1283 proticisoi
497 1196 612 1288 debeat
631 1196 666 1261 in
687 1195 868 1281 veriloquiis
889 1192 1045 1279 ponendis
1066 1213 1131 1260 nou
1145 1193 1241 1278 plene
1260 1193 1455 1280 perspexisse
1475 1194 1526 1260 sel
1545 1215 1609 1260 non
1632 1195 1811 1262 adhibuisse
1832 1195 1916 1262 iudi-

320 1313 440 1380 osndns
468 1316 526 1378 est
568 1309 661 1377 Prius
688 1329 763 1376 vero
791 1331 889 1394 quom
914 1309 949 1374 id
975 1308 1118 1394 pluribus
1149 1308 1376 1396 expiabitur,
1406 1308 1446 1374 de
1476 1309 1717 1377 diffienltstibus
1744 1311 1793 1378 rei
1817 1333 1914 1398 quum

319 1427 426 1493 Varro
444 1424 504 1492 sibi
524 1429 724 1494 bsetsndsm
745 1425 894 1510 sumpsit,
924 1445 1027 1511 penos
1052 1423 1267 1511 praemittam
1309 1422 1397 1501 Quae
1425 1423 1628 1491 difficultates
1656 1425 1691 1490 in
1719 1447 1757 1492 eo
1778 1428 1916 1494 maxime

322 1547 502 1622 sonentur,
533 1539 618 1626 qnod
638 1539 851 1626 etymologias
871 1538 1011 1605 studium
1036 1543 1106 1604 tum
1127 1537 1253 1608 demum
1280 1537 1409 1604 initium
1435 1559 1549 1626 oepere
1578 1540 1676 1622 solet,
1704 1562 1776 1610 eum
1802 1541 1916 1627 lingue

321 1655 415 1740 plnne
443 1654 583 1736 exculte,
613 1655 655 1721 sd
682 1675 822 1742 unguem
851 1653 1031 1735 eleborata,
1059 1653 1139 1720 tritu
1165 1656 1230 1734 est,
1258 1654 1307 1719 its
1334 1659 1371 1720 nt
1401 1653 1623 1742 longissimum
1648 1659 1734 1722 uerte
1764 1659 1915 1743 temporis

322 1771 458 1857 spatium
477 1771 606 1836 intersit
627 1771 713 1836 inter
733 1773 873 1836 oetatem
890 1769 1068 1855 ubiling'ue
1088 1773 1170 1850 orte,
1190 1774 1224 1836 et
1243 1773 1384 1836 eetstem
1402 1771 1459 1836 ubi
1480 1771 1727 1857 sdprinsitivsm
1747 1773 1916 1841 sorborum

319 1890 511 1971 potestatem
530 1885 581 1952 vel
596 1885 797 1978 retinendum
811 1884 862 1950 sel
883 1885 1112 1971 exquirendum
1124 1885 1159 1950 in
1180 1885 1392 1972 etymologine
1406 1885 1606 1971 disciplinam
1626 1887 1824 1959 incumbunt.
1844 1888 1915 1966 Quo

319 2000 357 2066 lit
376 2001 600 2088 utpermnltse
619 2001 787 2066 verborum
810 1999 951 2086 origines
971 2000 1180 2066 obscurentur
1189 2004 1422 2066 eommutentnr
1442 1999 1619 2067 obruuntur
1627 2001 1792 2068 tolluntur.
1813 2001 1913 2070 Porro

317 2137 420 2202 neque
441 2137 567 2182 omnem
586 2116 716 2203 linguae
738 2117 896 2202 originem
905 2137 1020 2202 puram
1040 2117 1264 2202 integrumque
1285 2115 1342 2181 sed
1363 2136 1457 2201 seepe
1477 2114 1601 2182 sermm
1618 2116 1816 2202 mixtumque
1837 2138 1913 2198 esse,

319 2235 362 2310 et
384 2231 440 2296 ubi
453 2230 588 2316 populns
602 2229 719 2296 litteris
732 2230 783 2296 sel
806 2235 984 2298 mereetnre
1001 2230 1052 2296 sel
1063 2229 1146 2297 bello
1156 2230 1229 2296 eliis
1238 2252 1311 2298 oum
1320 2232 1444 2317 populis
1466 2231 1651 2298 ooninnotus
1663 2236 1722 2311 eet
1742 2252 1827 2298 nova
1840 2231 1914 2298 inde

318 2347 416 2432 reoipi
427 2353 523 2432 atque
534 2346 670 2431 irrepere
683 2351 719 2413 nt
727 2347 776 2412 ite
786 2346 891 2413 dioem
900 2344 1055 2412 voosbule
1064 2346 1183 2416 videos.
1193 2345 1363 2412 Prseteres
1372 2345 1522 2432 loquendi
1532 2367 1608 2412 usus
1617 2346 1915 2414 vimsooebulornm

319 2483 383 2527 non
404 2462 498 2528 modo
518 2459 651 2548 singulis
670 2461 803 2529 eoseulis
823 2461 879 2526 sed
900 2462 1021 2526 minore
1041 2459 1202 2526 interdum
1222 2441 1375 2547 sompniis
1394 2461 1498 2546 spatio
1519 2462 1641 2542 veriet,
1669 2463 1753 2528 unde
1774 2461 1913 2528 soonbu·

318 2577 584 2644 lorumnovorum
604 2580 795 2644 esseterum
810 2578 905 2664 plene
928 2575 1085 2643 disoordis
1105 2575 1231 2642 existet
1260 2575 1357 2643 (lente
1377 2576 1442 2643 olio
1462 2577 1653 2662 stellingua
1673 2577 1776 2642 latine
1785 2575 1914 2642 Romuli

318 2691 504 2777 Numaeque
524 2691 662 2780 Pompili
689 2693 901 2779 temporibus,
930 2692 994 2757 elio
1022 2696 1129 2758 setets
1150 2690 1321 2773 Varronis,
1349 2715 1421 2760 oum
1448 2693 1534 2760 orbis
1561 2698 1718 2760 terrarum
1746 2693 1913 2778 imperinm
2013 2733 2015 2738 ,

317 2808 475 2874 tenebant
493 2807 631 2874 Romani
642 2809 695 2892 Μ)
738 2805 807 2875 Neo
828 2808 1002 2894 quidquem
1021 2807 1138 2874 reotius
1159 2829 1255 2894 quom
1274 2807 1391 2875 Horati
1411 2809 1611 2875 notissimum
1630 2807 1725 2874 illud:

617 2923 722 2990 Mults
740 2928 946 2990 renesoentur
961 2943 1042 3016 quse
1062 2921 1127 2988 ism
1147 2923 1286 2991 desidere
1307 2923 1482 3008 cedentque

616 3039 704 3118 Quae
724 3060 809 3105 nuno
831 3045 906 3104 eunt
927 3039 963 3103 in
983 3037 1104 3105 honore
1124 3037 1296 3118 voosbule,
1318 3037 1345 3104 ei
1364 3039 1451 3104 volet
1472 3059 1564 3118 neus,

616 3154 716 3232 Quem
738 3175 834 3239 penes
855 3153 1024 3220 arbitrium
1043 3157 1093 3220 est
1112 3157 1146 3218 et
1165 3153 1214 3218 ius
1235 3159 1270 3219 et
1289 3173 1401 3219 norme
1421 3135 1580 3240 loquendi.

316 3267 461 3354 Denique
482 3270 633 3354 quonism
660 3291 755 3336 omne
783 3270 912 3336 initium
940 3269 1069 3336 difficile
1097 3274 1161 3348 est,
1190 3289 1263 3334 eum
1290 3271 1491 3355 potissimum
1518 3270 1573 3356 qui
1599 3270 1720 3355 primns
1749 3269 1800 3337 sel
1828 3271 1913 3337 inter

316 3384 433 3467 pn'mos
454 3384 489 3449 in
509 3406 593 3452 nosn
613 3384 751 3470 quedem
771 3384 952 3451 litterarum
979 3389 1072 3470 perte
1100 3385 1284 3470 indepsndn
1304 3384 1493 3452 celebrande
1522 3385 1670 3472 sugenda
1696 3385 1819 3471 ingenii
1846 3384 1913 3451 vim

317 3499 551 3587 sollertiamque
582 3506 746 3580 exerceat,
779 3501 851 3588 plus
881 3501 1025 3568 invenire
1055 3501 1174 3568 lebonis
1202 3506 1238 3568 et
1265 3500 1465 3568 difficultatis
1494 3500 1728 3586 maioribusque
1756 3499 1913 3586 impliosri

316 3615 558 3701 impedimentis,
579 3637 675 3702 quem
695 3617 750 3702 qni
771 3614 884 3683 duoem
904 3615 1114 3683 certissimum
1134 3621 1357 3702 auctoremque
1378 3616 1599 3702 grsnssimum
1617 3621 1730 3683 uectus
1751 3617 1804 3683 sie
1815 3616 1913 3683 semol

315 3731 395 3796 trite
414 3731 628 3818 ingredietur,
655 3751 748 3797 nemo
769 3730 834 3797 inm
855 3730 975 3797 infitias
995 3729 1065 3796 ibit
1088 3765 1127 3780 -··
1147 3730 1235 3808 Ques
1255 3731 1364 3798 onmis
1381 3752 1487 3817 neque
1507 3729 1686 3798 Varronem
1705 3732 1860 3818 fugerunt
1879 3738 1913 3799 et

313 3846 440 3932 saepius
460 3845 503 3912 ab
523 3867 561 3912 eo
582 3847 830 3933 oomprobsntur
850 3851 885 3913 et
905 3867 977 3912 oum
998 3831 1203 3932 querimoniis
1232 3846 1439 3934 proteruntur
1459 3847 1544 3933 qnod
1565 3847 1684 3914 ettinet
1705 3848 1747 3914 sd
1767 3848 1912 3934 linguam

315 3961 458 4028 letinsm.
501 3961 599 4028 Libro
619 3959 650 4027 V
670 3961 744 4048 dp.
772 3961 813 4026 14
838 3960 918 4029 dioit
946 3961 1005 4028 hss
1033 3962 1173 4048 quinque
1199 3984 1327 4030 osnssse
1355 3961 1597 4031 difficultatum:
1627 3961 1701 4047 ‚mn
1728 3963 1769 4029 de
1797 3963 1911 4050 quibus

314 4075 455 4142 diotnrns
476 4077 560 4161 sum]
582 4078 654 4144 ideo
676 4081 750 4144 snut
770 4077 954 4144 obscuriore
974 4078 1059 4163 quod
1081 4097 1183 4162 neque
1205 4077 1307 4144 omnis
1329 4078 1491 4164 impositio
1513 4078 1682 4146 verborum
1703 4082 1806 4158 extet,
1827 4075 1912 4163 qnod

315 4196 456 4258 vetustos
476 4193 630 4278 quaedem
653 4193 786 4273 delevit3
806 4215 866 4261 neo
886 4215 968 4280 quse
989 4199 1088 4274 extst,
1110 4192 1178 4258 sine
1197 4193 1312 4260 mendo
1334 4195 1437 4259 omnis
1456 4193 1622 4280 impositu3
1644 4213 1704 4260 neo
1724 4213 1806 4279 quse
1826 4196 1913 4259 reete

313 4310 363 4372 est
382 4307 532 4390 impositu
558 4313 675 4376 ennete
698 4313 807 4375 menet
828 4307 945 4393 (mults
966 4309 1053 4374 enim
1081 4308 1178 4374 verbs
1206 4307 1324 4374 litteris
1352 4309 1554 4375 eommutetie
1583 4313 1658 4374 sunt
1684 4306 1912 4393 interpolets);

337 4566 380 4652 ¹⁶)
404 4567 618 4726 gtsslybinm
640 4571 683 4676 lli
704 4573 795 4726 2363
817 4574 875 4632 ism
896 4579 964 4633 ente
985 4571 1127 4678 Varronis
1148 4579 1278 4728 pets'tpm
1300 4589 1335 4634 ee
1359 4572 1409 4726 del
1425 4588 1460 4632 re
1481 4579 1585 4728 epppIp
1605 4573 1678 4633 beeo
1698 4570 1912 4686 proiepentenpz

337 4841 342 4849 ,
402 4682 459 4908 pl
480 4682 733 4834 sititis?
752 4658 915 4841 esst
931 4665 1135 4830 ttius
1164 4683 1420 4830 imme
1429 4683 1521 4820 'tt
1532 4661 1912 4836 nttt‘t‘tttlt

425 4853 608 4932 ωυκρινιῖν.
