4684 5792
1203 789 1224 852 6

413 992 491 1077 quid
511 995 706 1058 tractaturus
727 988 770 1054 sit
790 987 1008 1074 perscripserit
1028 985 1083 1071 (ci.
1105 1007 1228 1072 argum.
1248 967 1425 1065 librorum).
1469 985 1568 1052 Recte
1590 985 1690 1070 igitur
1703 985 1851 1052 ridentur
1866 987 2025 1053 monuisse

413 1109 469 1193 qni
493 1107 646 1173 eiusmodi
667 1106 783 1171 librum
805 1105 900 1170 brisso
922 1109 1079 1190 negarent
1104 1109 1137 1170 et
1164 1125 1204 1169 ex
1233 1101 1294 1169 hac
1322 1075 1481 1169 sententia
1500 1102 1655 1168 Varronis
1684 1101 1782 1169 libros
1810 1106 2023 1168 numerarent

415 1223 477 1290 Sed
507 1222 713 1308 gravissimae
743 1225 818 1286 sunt
848 1221 989 1287 rationes
1020 1222 1135 1307 quibus
1166 1220 1227 1285 viri
1261 1219 1346 1286 docti
1375 1219 1574 1286 adducantur
1601 1224 1639 1284 ut
1666 1218 1751 1286 hunc
1780 1219 1897 1284 librum
1925 1218 2023 1284 fuisse

413 1343 574 1406 censeant.
616 1337 699 1404 Sunt
719 1338 842 1424 positae
864 1338 899 1402 in
919 1339 1110 1404 testimoniis
1131 1338 1255 1423 aliquot
1273 1341 1416 1404 veterum
1438 1337 1643 1421 scriptorum,
1673 1336 1823 1401 nimirum
1850 1335 2023 1402 maximam

414 1460 540 1541 partem
568 1454 670 1521 multo
697 1453 880 1540 posterioris
909 1455 1042 1534 aetatis,
1070 1456 1110 1520 A.
1133 1453 1216 1522 Gelli
1246 1454 1401 1520 Prisciani
1433 1453 1516 1538 Lydi
1537 1453 1699 1520 Diomedis
1721 1453 1861 1531 Charisi3
1890 1471 2024 1538 quorum

414 1570 598 1637 testimonia
619 1571 769 1656 quoniam
797 1570 985 1670 Speugplius
1014 1573 1049 1637 in
1076 1571 1215 1638 editione
1235 1595 1266 1656 p.
1289 1573 1309 1636 3
1331 1593 1398 1656 sqq.
1427 1569 1676 1637 luculentissime
1702 1571 1858 1638 indicarit
1886 1593 1924 1638 ac
1951 1591 2024 1657 per·

413 1689 570 1768 lustravit,
592 1688 719 1774 singule
728 1689 870 1774 proferre
880 1709 944 1754 non
956 1711 1040 1756 curo.
1072 1690 1206 1756 Accedit
1220 1689 1304 1775 quod
1316 1687 1552 1773 antiquissimus
1564 1687 1663 1754 codex
1674 1689 1809 1775 scriptu
1820 1689 2023 1755 Florentinus

414 1825 524 1871 rerum
545 1805 600 1890 qui
621 1828 705 1872 nunc
725 1805 863 1872 hebetur
884 1806 1038 1873 librorum
1059 1828 1224 1872 numerum
1244 1811 1342 1885 tenet,
1364 1806 1461 1872 ceteri
1476 1810 1534 1870 aut
1547 1805 1670 1871 nullum
1684 1811 1742 1872 aut
1754 1806 1841 1891 prius
1856 1805 2024 1892 vulgatum

415 1921 503 1988 dant.
546 1923 715 1990 Praeterea
738 1945 802 1989 non
823 1923 1015 1990 levissimum
1035 1929 1179 1989 versatur
1200 1927 1423 2010 argumentum
1444 1923 1479 1987 in
1499 1921 1733 1989 numeroXXV
1747 1922 1900 1988 librorum
1921 1921 1961 1986 de
1971 1920 1989 1986 1.
2002 1917 2023 1984 l.

414 2059 510 2124 quern
531 2041 565 2104 in
587 2039 774 2125 Hieronymi
794 2040 942 2127 catalogo
962 2041 1018 2106 illo
1039 2041 1174 2127 legimus
1203 2039 1256 2122 (ci.
1277 2045 1345 2108 not.
1370 2041 1416 2120 1).
1458 2039 1589 2105 Etenim
1616 2040 1643 2106 si
1663 2039 1767 2105 Varro
1795 2038 2025 2105 severissimam

414 2153 629 2242 dispositionis
650 2157 753 2243 legem
775 2163 812 2224 ut
833 2158 951 2224 assolet
972 2163 1096 2224 secutus
1114 2157 1211 2224 libros
1233 2156 1272 2224 de
1288 2158 1310 2223 l.
1324 2159 1345 2224 l.
1359 2159 1394 2223 iu
1415 2162 1567 2242 quattuor
1587 2156 1727 2222 hexados
1748 2155 1920 2235 distribuit
1942 2175 2023 2220 unus

415 2277 516 2337 restat
535 2273 616 2338 liber
637 2274 691 2359 qni
712 2275 841 2360 reliquis
870 2280 927 2340 aut
953 2275 1143 2360 praemissus
1172 2280 1229 2341 aut
1257 2275 1384 2341 additus
1411 2274 1599 2340 iudicandus
1627 2277 1686 2339 est
1728 2273 1849 2350 Quibus
1876 2271 2022 2340 omnibus

414 2389 561 2470 efficitur,
583 2412 680 2456 unum
699 2391 786 2458 huno
806 2391 923 2458 librum
945 2397 1001 2458 aut
1023 2392 1207 2473 aVarrone‚
1229 2413 1323 2478 opere
1344 2393 1410 2458 iem
1425 2413 1465 2456 ex
1477 2395 1578 2476 parte,
1602 2391 1629 2456 ai
1641 2412 1708 2456 non
1720 2389 1816 2476 plane
1830 2391 2022 2476 perpetrato,

415 2507 537 2573 editum
558 2509 696 2579 (namsi
718 2531 751 2574 re
773 2531 847 2574 vera
867 2509 988 2593 primus
1008 2510 1251 2594 comparuisset,
1281 2515 1391 2576 auctor
1412 2531 1451 2574 ea
1472 2509 1512 2573 de
1533 2530 1567 2574 re
1589 2528 1654 2573 uon
1675 2509 1827 2575 tacuisset
1854 2507 1888 2572 iu
1918 2523 2024 2571 rerum

415 2622 455 2690 dc
477 2625 590 2710 quibus
612 2627 682 2711 agit
703 2647 825 2692 summa
845 2626 970 2711 saepius
990 2625 1162 2711 enarrata),
1185 2631 1241 2692 aut
1261 2628 1393 2692 nonita
1414 2627 1514 2692 multo
1542 2629 1615 2711 post
1642 2629 1773 2711 propter
1801 2626 2024 2710 argumentum

416 2743 612 2828 aptissimum
633 2743 717 2808 inter
738 2743 914 2829 singulares
927 2742 1081 2808 Varronis
1096 2743 1135 2809 de
1148 2744 1356 2829 grammatice
1376 2744 1475 2809 libros
1496 2744 1598 2808 omnis
1615 2742 1720 2828 operis
1734 2742 1773 2808 de
1786 2742 1808 2812 l.
1823 2741 1844 2806 l.
1859 2738 2025 2805 exordium

415 2863 564 2944 putatum
592 2865 625 2925 et
653 2861 811 2926 communi
840 2859 1016 2945 legentium
1045 2881 1199 2926 consensu
1226 2861 1355 2945 reliquis
1382 2861 1472 2926 libris
1504 2860 1710 2945 praemissum
1741 2879 1817 2926 esse.
1867 2855 2024 2922 Neutrum

415 2996 489 3040 vero
505 2998 563 3061 pro
577 2981 664 3042 certo
681 2977 832 3042 affirmari
846 2982 961 3063 potest,
982 2999 1084 3063 neque
1098 2979 1202 3063 magis
1215 2982 1360 3044 accurate
1374 2978 1485 3044 referri
1500 2976 1648 3062 quasillo
1662 2977 1744 3042 libro
1760 2975 2024 3052 continebantur;

415 3095 564 3166 attamen¹
589 3093 766 3163 Varronem
794 3093 833 3159 de
859 3095 972 3180 lingua
1000 3095 1102 3160 latina
1130 3095 1280 3161 universa
1307 3096 1489 3180 exposuisse
1515 3094 1712 3161 sententiam
1738 3094 1806 3158 veri
1834 3092 1936 3157 simile
1965 3096 2021 3156 est

415 3209 500 3286 Quid
527 3211 573 3276 ibi
599 3213 780 3296 exposuerit
806 3212 857 3276 vel
885 3233 1041 3297 exponere
1063 3212 1209 3278 debuerit
1237 3214 1373 3297 scriptor
1400 3233 1438 3277 ex
1469 3211 1664 3278 Wilruaunsi
1686 3211 1846 3276 sententia
1875 3210 2019 3275 invenies

415 3326 436 3391 l.
458 3349 484 3392 e.
499 3351 530 3412 p.
545 3327 586 3392 36
609 3349 672 3412 sq.;
695 3327 750 3392 sed
770 3329 913 3413 quemvis
934 3329 995 3394 tibi
1017 3330 1180 3395 arrideant
1201 3351 1239 3394 ea
1260 3349 1341 3414 quae
1361 3329 1411 3395 vir
1432 3329 1631 3396 doctissimus
1652 3329 1815 3413 ingeniose
1837 3326 2023 3412 disputavit,

416 3443 610 3510 Wilmannsi
631 3466 696 3511 nou
710 3443 864 3511 Varronis
884 3445 974 3510 illam
994 3446 1175 3530 argumenti
1196 3443 1435 3530 dispositionem
1458 3469 1524 3512 esse
1545 3451 1665 3515 teneas.
1707 3445 1873 3531 Originem
1893 3443 2025 3529 linguae

414 3558 535 3627 latinae
555 3561 632 3627 licet
651 3562 799 3648 tetigerit
818 3561 931 3642 Varro,
953 3563 992 3628 de
1013 3585 1051 3630 ea
1072 3563 1140 3630 sola
1161 3584 1233 3628 eum
1252 3563 1436 3648 disputasse,
1459 3564 1543 3648 quod
1564 3563 1735 3649 Spengelio
1755 3562 1881 3627 ridetur
1901 3561 2026 3647 placere

415 3699 446 3762 p.
463 3679 481 3742 7
497 3677 545 3744 ed.
556 3678 592 3764 ⁸),
609 3679 725 3745 nullius
740 3680 901 3765 scriptoris
915 3683 1139 3767 comprobatur
1155 3681 1345 3747 auctoritate
1359 3702 1461 3766 neque
1475 3679 1631 3746 Prisciani
1645 3679 1750 3745 verbis
1765 3679 1781 3745 I
1796 3679 1837 3744 39
1851 3702 1883 3764 p.
1897 3679 1937 3744 37
1949 3677 2025 3748 Kr.:

416 3791 585 3879 ‚Sequente
606 3794 634 3862 G
656 3796 706 3862 vel
736 3795 760 3862 C
787 3819 844 3881 pro
873 3818 911 3864 ea
941 3802 995 3879 (sc.
1025 3795 1072 3884 N)
1102 3797 1130 3864 G
1158 3797 1300 3864 scribunt
1328 3797 1436 3884 graeci
1462 3807 1496 3862 et
1523 3798 1653 3883 quidam
1681 3802 1789 3863 tamen
1817 3795 2025 3862 vetustissimi

417 3915 561 3978 auctores
582 3935 785 3979 romanorum
805 3914 984 3999 euphoniae
1004 3937 1099 3981 causa
1127 3914 1208 3980 bene
1234 3914 1295 3981 hoc
1321 3915 1490 3993 facientes,
1518 3919 1555 3980 ut
1576 3913 1731 4000 Agcbises
1752 3935 1867 4000 agceps
1889 3911 2027 3999 aggulns

416 4050 548 4114 aggeus,
570 4029 655 4114 quod
677 4032 818 4097 ostendit
845 4031 948 4098 Varro
968 4034 1005 4097 ia
1019 4033 1130 4114 primo
1160 4031 1199 4098 de
1226 4032 1351 4116 eripiar
1381 4031 1512 4116 linguae
1539 4032 1661 4098 latinae
1681 4031 1732 4096 bis
1753 4030 1872 4096 verbis:
1895 4029 1941 4096 Ut
1961 4029 2027 4096 Jon

415 4147 529 4212 scribit
550 4147 663 4232 quinta
682 4148 831 4215 vicesima
852 4152 900 4214 est
920 4149 1040 4229 littera,
1061 4170 1158 4234 quam
1178 4152 1296 4215 vocant
1316 4148 1476 4236 irrisui),
1498 4151 1586 4216 euius
1606 4150 1709 4217 torma
1730 4149 1820 4213 nulla
1841 4153 1890 4214 est
1911 4154 1944 4214 et
1964 4170 2026 4214 vox

416 4263 591 4329 communis
613 4268 661 4329 est
682 4267 804 4350 graecis
826 4270 859 4332 et
880 4266 1005 4346 latinis,
1027 4269 1064 4331 ut
1084 4265 1134 4330 bis
1155 4265 1276 4332 verbis:
1299 4267 1435 4353 aggulus
1463 4287 1585 4353 aggeus
1615 4267 1758 4353 agguilla
1783 4268 1946 4353 iggerunt.
1988 4265 2028 4331 in

416 4379 572 4445 eiusmodi
592 4383 698 4467 graeci
720 4386 753 4448 et
773 4383 884 4449 Attius
905 4388 1014 4450 noster
1035 4382 1112 4448 bina
1134 4383 1163 4450 G
1184 4383 1335 4464 scribunt
1357 4385 1413 4450 alii
1434 4383 1466 4452 N
1487 4389 1522 4452 et
1542 4385 1580 4467 G,
1610 4386 1694 4470 quod
1722 4385 1757 4451 in
1777 4385 1838 4451 hoc
1859 4385 2027 4450 veritatem

472 4585 497 4661 Β)
519 4583 572 4646 Od.
595 4585 753 4644 Muellerus
778 4585 869 4661 praei.
899 4604 928 4662 p.
948 4585 1016 4646 XLI
1046 4605 1110 4647 euru
1140 4593 1256 4646 secutus
1286 4605 1315 4663 p.
1341 4593 1354 4647 1
1379 4587 1540 4648 Varronem
1569 4591 1720 4666 scripsisse
1750 4589 1820 4649 dicit
1849 4590 1885 4649 de
1916 4591 2026 4649 caussis

518 4677 633 4752 liuguae
655 4677 779 4736 Latinae
799 4679 922 4739 similive
944 4689 1126 4756 argumente.

469 4765 497 4850 ⁹)
518 4763 639 4920 Ιᾶγγμαά
653 4772 840 4922 ρτοδιιείἒιιιο
861 4765 955 4850 dybur
977 4771 1160 4832 scribendum
1181 4771 1342 4831 rectissime
1363 4773 1521 4832 coniecisse
1542 4772 1658 4833 videtur
1679 4767 1720 4834 B.
1743 4775 1795 4835 terr
1809 4767 1917 4834 Briseis
1939 4772 2026 4836 Varr.

530 4876 598 4920 ocus
642 4878 753 4922 cure
802 4879 876 4922 ona
