4684 5792
1197 796 1216 860 8

406 1002 527 1067 letinae
548 998 632 1084 Lydi
652 999 749 1064 verba
771 997 936 1084 aptissima
959 1019 1026 1062 esse
1047 995 1218 1083 Spengelio
1239 1019 1331 1064 nemo
1352 997 1413 1064 erit
1435 998 1489 1082 qui
1510 1017 1576 1062 non
1597 997 1760 1076 concedat,
1783 1019 1886 1083 neque
1906 1000 2011 1066 minue

406 1117 582 1185 Ritsohelio
604 1137 696 1201 quem
719 1115 901 1180 Wilmanns
922 1114 945 1184 l.
967 1136 995 1181 c.
1015 1137 1049 1200 p.
1072 1115 1131 1180 128
1153 1137 1199 1200 sq.
1229 1119 1277 1182 est
1297 1119 1423 1181 secutus
1451 1113 1633 1180 assentieris
1660 1119 1791 1200 propter
1818 1115 2013 1200 singularem

407 1237 668 1321 argumentorum
696 1233 937 1318 congruentiam
974 1231 1015 1298 ad
1042 1232 1141 1298 libros
1170 1233 1210 1298 de
1239 1233 1364 1318 origiue
1391 1231 1521 1318 liuguee
1541 1231 1662 1298 latinae
1684 1231 1778 1297 modo
1798 1231 1945 1298 laudatos
1975 1254 2013 1298 ea

406 1351 566 1417 referenti.
609 1348 812 1415 Krabuemm
831 1348 885 1433 (de
899 1349 993 1414 Varr.
1016 1350 1163 1435 antiquit
1177 1372 1208 1435 p.
1223 1349 1280 1435 20)
1304 1351 1359 1434 qni
1379 1349 1423 1415 od
1443 1349 1584 1414 Atticum
1605 1348 1759 1434 scriptum
1778 1347 1876 1414 fuisse
1896 1349 2014 1415 librum

406 1468 545 1554 primum
574 1468 613 1533 de
640 1467 661 1531 l.
691 1467 711 1530 l.
739 1467 920 1532 coniecerat
948 1467 1016 1531 iure
1036 1466 1240 1553 reprehendit
1267 1466 1351 1533 idem
1372 1465 1565 1532 Ritschelius
1586 1465 1729 1542 Quaestt.
1750 1460 1843 1531 Varr.
1864 1487 1895 1552 p.
1917 1465 1957 1530 27
1979 1469 2014 1530 et

406 1585 489 1656 llius.
503 1585 606 1654 Rhen.
627 1605 698 1650 nov.
719 1584 741 1649 l.
756 1607 781 1652 s.
824 1582 961 1668 Omnjno
982 1604 1048 1648 non
1068 1583 1184 1648 mirum
1203 1582 1243 1648 de
1263 1567 1331 1647 viro
1354 1583 1404 1648 oui
1425 1582 1508 1648 liber
1527 1584 1648 1669 primus
1669 1583 1781 1649 missus
1802 1585 1853 1662 sit,
1875 1583 2015 1648 virorum

407 1702 573 1769 doctorum
593 1701 768 1768 sententies
782 1699 875 1766 valde
888 1702 974 1766 inter
987 1721 1021 1766 se
1034 1699 1228 1785 discrepem
1247 1720 1298 1765 ree
1319 1699 1389 1784 ipsa
1409 1699 1532 1766 incerte
1545 1721 1598 1766 eos
1613 1701 1789 1766 consentire
1803 1721 1868 1765 non
1880 1700 2013 1786 patitur.

405 1817 556 1884 Ceterum
576 1817 661 1884 hunc
682 1817 799 1883 librum
821 1839 893 1884 oum
914 1817 1004 1884 libris
1024 1815 1058 1882 11
1079 1815 1129 1882 ΠΙ
1149 1816 1196 1882 IV
1218 1815 1382 1902 Septumio
1403 1817 1524 1882 misisse
1546 1816 1723 1882 Varronem
1750 1837 1833 1902 nego
1864 1816 1919 1902 qui
1939 1814 1971 1881 V
1995 1815 2012 1880 l

406 1935 457 2001 vel
478 1933 542 2000 VII
565 1935 676 2020 109·p.
697 1935 760 1999 388
781 1934 814 1999 id
836 1935 964 2000 silentio
985 1955 1051 1999 non
1069 1934 1211 2020 potuerit
1231 1933 1414 2019 praeterire.

936 2199 1008 2283 De
1036 2198 1183 2285 libris
1213 2199 1264 2284 11
1295 2199 1370 2285 111
1398 2199 1483 2288 IV.

507 2411 551 2476 Hi
578 2411 653 2476 libri
681 2411 819 2495 priorem
847 2409 978 2476 heredis
1008 2411 1130 2495 primae
1158 2413 1283 2496 purtem
1312 2409 1495 2475 efficiebant
1521 2414 1555 2475 et
1583 2408 1622 2476 de
1651 2407 1818 2494 disciplina
1847 2409 2015 2476 verborum

406 2533 500 2594 eraut
520 2549 616 2614 quam
636 2524 740 2591 Varro
761 2531 944 2612 persecutus
965 2530 1034 2593 erat
1059 2528 1106 2593 ita
1135 2531 1187 2606 ut,
1217 2549 1299 2612 quae
1326 2531 1439 2592 contra
1459 2547 1517 2612 pro
1537 2527 1577 2592 de
1598 2547 1636 2592 ee
1656 2526 1851 2606 dicerentur,
1881 2527 2015 2612 singulis

407 2645 497 2711 libris
518 2644 736 2732 perlustraret.
779 2642 909 2709 Praeter
931 2643 1014 2710 banc
1034 2643 1188 2709 Varronis
1209 2642 1392 2728 argumenti
1413 2643 1651 2729 dispositionem
1679 2644 1743 2709 trie
1770 2649 1897 2710 tantum
1917 2665 2017 2729 eaque

407 2763 525 2848 exigua
545 2761 637 2828 nobis
666 2763 792 2827 servata
813 2760 1022 2827 sunthorum
1047 2761 1200 2826 librorum
1228 2759 1411 2845 fragmenta
1437 2781 1517 2844 quae
1544 2760 1626 2826 libro
1647 2759 1697 2826 111
1725 2760 1792 2847 legi
1812 2761 1963 2827 dicuutur
1984 2765 2017 2826 et

407 2879 563 2946 eiusmodi
590 2883 680 2954 sunt,
710 2883 747 2944 ut
771 2878 846 2944 libri
867 2877 952 2943 illius
975 2881 1199 2962 argumentum
1220 2896 1285 2940 uon
1306 2875 1441 2962 amplius
1462 2875 1625 2944 illustrent
1646 2882 1678 2943 et
1699 2879 1734 2944 in
1754 2878 1897 2963 quolibet
1918 2879 2015 2944 trium

408 2996 562 3062 librorum
582 2996 688 3062 locum
709 3016 800 3062 suum
821 2994 939 3060 habere
960 2994 1092 3080 possint
1135 2991 1218 3059 Sunt
1238 2991 1333 3060 haec:
2071 2974 2074 2984 ¹

511 3116 538 3180 1.
580 3113 681 3178 Leum
709 3134 785 3178 vero
813 3111 918 3177 Varro
943 3109 1053 3196 (dicit)
1081 3110 1122 3176 ad
1151 3110 1333 3178 Ciceronem
1353 3111 1437 3177 libro
1457 3111 1571 3177 tertio:
1591 3109 1680 3178 Siout
1700 3119 1788 3178 uocet
1802 3113 2016 3195 pasturae

407 3231 468 3296 lea.
511 3229 809 3315 Philargyrius
830 3227 983 3314 adVirg.
1025 3227 1094 3296 Eol.
1116 3227 1148 3293 Π
1170 3229 1221 3294 63.

507 3348 537 3412 2.
578 3345 683 3430 Fipor
711 3345 860 3431 ambigue
893 3329 1073 3412 declinatur
1111 3344 1196 3430 apud
1224 3349 1346 3440 veteres
1373 3349 1517 3431 tempore
1544 3344 1702 3431 perierim
1732 3347 1904 3432 reperimus
1933 3348 2018 3424 enim

406 3463 501 3530 fictus
528 3464 562 3528 et
589 3463 679 3528 fixus.
722 3461 857 3528 Scaurus
886 3463 926 3528 de
956 3463 1024 3528 rita
1051 3484 1108 3528 sua
1135 3465 1267 3548 capitiis
1293 3463 1399 3548 inquit
1429 3462 1587 3544 confictos.
1630 3462 1734 3529 Varro
1762 3462 1804 3527 ad
1834 3461 2017 3529 Ciceronem

407 3581 504 3647 tertio
523 3581 632 3663 fiuant
675 3579 896 3646 Diomedes
916 3602 947 3666 p.
969 3580 1040 3646 373.
1062 3579 1098 3646 Ρ.

508 3699 538 3764 3.
580 3697 659 3763 lnde
688 3695 723 3781 (a
751 3717 866 3782 graeco
895 3699 986 3783 δέος)
1015 3697 1093 3764 deus
1112 3695 1217 3764 dictus
1243 3701 1291 3763 est
1312 3696 1397 3782 qnod
1417 3697 1520 3762 omnis
1540 3696 1654 3783 religio
1675 3698 1718 3762 sit
1738 3696 1884 3762 timoris.
1913 3695 2018 3764 Varro

407 3817 449 3881 ad
464 3815 645 3883 Ciceronem
666 3814 779 3881 tertio:
801 3813 857 3879 lto
876 3813 1096 3896 respondeant,
1118 3833 1176 3880 our
1192 3814 1302 3880 dicum
1317 3813 1392 3882 deos
1406 3814 1500 3898 (desse
1514 3813 1572 3897 al.)
1586 3833 1657 3880 urm
1671 3833 1776 3881 omues
1791 3813 1950 3898 (omuibus
1960 3815 2018 3898 al)

406 3935 535 4019 antiqui
555 3933 697 4000 dicem
718 3933 815 3999 dicos.
858 3931 1032 3999 Servius
1055 3931 1097 3996 ed
1116 3930 1208 4017 Virg.
1229 3933 1310 3998 Aen.
1331 3931 1396 3998 XII
1418 3933 1488 3996 139.

443 4063 445 4066 ·
509 4049 755 4116 Wilmannsium
783 4048 804 4113 l
833 4050 905 4136 lp.
939 4049 999 4115 150
1026 4049 1243 4136 fragmentum
1271 4049 1356 4134 quod
1382 4049 1502 4136 legitur
1523 4048 1608 4136 apud
1630 4047 1770 4115 Nouium
1795 4047 1891 4115 Marc
1920 4046 2020 4113 1324

408 4190 440 4253 p.
468 4168 509 4232 64
536 4165 668 4232 Mereor.
690 4187 715 4231 s.
744 4188 773 4231 v.
791 4165 979 4248 prolubiem
998 4167 1082 4233 libro
1102 4166 1168 4233 IIII
1189 4147 1364 4233 attribuere
1385 4188 1450 4232 nou
1472 4168 1599 4253 ignoro,
1621 4187 1693 4234 cum
1713 4165 1758 4231 sio
1779 4167 1933 4252 scriptum
1952 4186 2020 4232 esse

409 4283 545 4350 iudicet:
567 4283 681 4363 ‚Varro
694 4284 733 4348 de
747 4282 860 4370 lingua
873 4283 976 4350 latina
990 4283 1069 4350 1111:
1091 4285 1268 4371 prolubiem
1290 4289 1323 4350 et
1337 4284 1572 4370 prolubidinem
1592 4283 1657 4350 diei
1678 4284 1720 4348 ab
1742 4304 1779 4349 eo
1795 4283 1879 4369 quod
1892 4283 2018 4358 lubeet3

408 4399 492 4467 unde
514 4401 613 4466 etium
632 4401 722 4468 lucus
743 4399 878 4466 Veneris
899 4401 1100 4468 Lubentinae
1121 4402 1264 4470 dicatur‘.
1296 4400 1359 4468 Sed
1380 4401 1570 4488 Spengelius
1590 4423 1621 4486 p.
1642 4400 1706 4466 224
1726 4400 1774 4466 ed.
1796 4405 1829 4468 et
1850 4398 2020 4466 Muellerus

408 4540 439 4603 p.
460 4518 502 4583 90
524 4518 572 4584 ed.
600 4517 684 4584 bano
705 4517 860 4584 exhibent
887 4517 1074 4586 lectionem:
1097 4516 1211 4598 ‚Varro
1236 4519 1276 4584 de
1296 4518 1408 4606 lingua
1429 4519 1532 4584 letina
1552 4515 1583 4584 V
1605 4522 1676 4585 oet‘
1718 4515 1805 4584 Noni
1836 4516 1935 4582 verba
1955 4535 2020 4580 non

370 4637 373 4643 '
407 4637 487 4701 satis
508 4656 681 4722 congruere
702 4656 774 4701 cum
795 4635 950 4702 Varronis
971 4636 1076 4702 verbis
1098 4635 1175 4703 licet
1195 4635 1367 4702 Muellerus
1389 4636 1555 4716 monuerit,
1578 4635 1619 4700 ad
1640 4634 1725 4701 hunc
1746 4633 1850 4700 locum
1870 4632 1944 4698 libri
1966 4632 2020 4716 qui

408 4750 494 4819 nnnc
516 4756 564 4818 est
587 4754 670 4819 sexti
690 4751 738 4819 VI
758 4753 799 4819 47
821 4777 851 4839 p.
872 4754 913 4818 63
934 4757 1078 4839 spectare
1100 4775 1171 4819 oum
1192 4751 1364 4838 Spengelio
1387 4756 1537 4820 statuam
1565 4749 1699 4818 Veneris
1721 4751 1807 4816 enim
1820 4748 2022 4816 Lubentinae

408 4893 429 4935 a
456 4869 595 4936 lubeudo
622 4871 866 4956 cognominatae
895 4870 1016 4938 mentio
1036 4871 1075 4936 fit
1095 4870 1130 4935 in
1151 4869 1306 4935 Varronis
1329 4869 1450 4948 verbim
1476 4871 1575 4936 verba
1595 4871 1770 4956 composita
1790 4866 1968 4954 prolubiem
1989 4871 2022 4933 et
