4684 5792
1092 773 1135 838 29

315 968 463 1053 aperui,
491 987 588 1053 qnam
614 968 681 1033 late
709 967 848 1053 quidque
877 973 989 1054 pateat
1016 973 1051 1036 et
1077 971 1277 1058 quoinsmodi
1302 972 1426 1038 efficiat
1451 972 1587 1058 figuras,
1617 973 1654 1036 ia
1681 971 1776 1038 libris
1805 973 1861 1054 qai
1883 973 1928 1039 dr

312 1083 464 1167 formabo
485 1081 650 1151 amma
663 1090 767 1165 mac,
790 1085 975 1171 fflgunus
996 1089 1202 1174 expedietur,
1224 1109 1289 1155 non
1310 1111 1373 1155 uno
1395 1089 1449 1156 sed
1470 1087 1614 1174 pluribus
1635 1089 1724 1154 libris
1744 1089 1923 1154 Varronem

316 1203 355 1269 de
374 1202 480 1268 verbis
500 1201 728 1289 temporalibus
749 1201 850 1287 egisse
871 1202 969 1268 videa.
1011 1204 1156 1292 Denique
1181 1205 1244 1272 duo
1265 1207 1321 1272 illa
1342 1207 1416 1272 libri
1437 1205 1518 1272 XIII
1545 1205 1728 1292 fragmenta
1755 1205 1794 1270 de
1824 1227 1928 1291 argn··

314 1323 424 1386 mento
444 1320 519 1386 libri
540 1320 622 1386 nihil
642 1321 768 1401 docent,
789 1321 947 1406 posterius
968 1341 1077 1386 eorum
1097 1323 1236 1388 eubnam
1257 1321 1363 1409 potius
1384 1344 1480 1409 quam
1499 1319 1611 1409 poesin
1630 1321 1761 1388 redolet

414 1436 570 1510 Praeterii
594 1438 717 1522 reliqua
744 1457 830 1522 quae
852 1437 1082 1506 Wilmannsiue
1111 1439 1133 1508 l.
1162 1461 1188 1506 o.
1216 1439 1281 1506 buc
1307 1441 1409 1505 traxit
1438 1433 1636 1526 fragmenta3
1665 1440 1705 1505 de
1733 1445 1922 1526 argumento

316 1554 401 1619 euim
419 1553 574 1621 librorum
593 1554 832 1640 nihilprobant.
854 1553 1084 1641 DuodevigInti
1094 1561 1178 1637 sunt,
1199 1577 1334 1642 quorum
1350 1555 1414 1623 duo
1425 1561 1552 1624 taum
1561 1559 1596 1623 in
1606 1557 1697 1623 libris
1709 1557 1747 1624 de
1759 1559 1838 1644 ling.
1854 1557 1921 1639 lat,

316 1693 413 1737 unum
440 1673 477 1737 in
504 1672 595 1738 libris
623 1672 664 1738 ad
694 1669 892 1750 Ciceronem,
921 1671 1101 1756 quiadeoim
1131 1674 1220 1739 nullo
1247 1674 1322 1740 libri
1347 1673 1477 1739 nomine
1505 1675 1651 1760 apposito
1672 1674 1826 1742 Varronis
1855 1697 1921 1741 esee

315 1789 471 1856 dicuntur.
521 1789 660 1856 Ratione
687 1811 762 1855 vero
790 1811 854 1874 qua
881 1788 1112 1855 Wilmannsins
1140 1813 1214 1856 usus
1242 1795 1291 1856 est
1324 1791 1379 1875 qui
1407 1791 1579 1856 secundum
1609 1796 1833 1877 argumentum
1861 1791 1923 1858 sibi

314 1907 480 1992 probabile
499 1908 603 1974 risum
623 1907 807 1993 fragmenta
826 1907 968 1974 incertae
990 1906 1072 1980 sedis
1091 1910 1124 1978 et
1145 1903 1186 1974 ex
1205 1908 1296 1974 libris
1316 1907 1354 1974 de
1376 1907 1396 1972 l.
1418 1907 1440 1973 l.
1461 1911 1494 1974 et
1515 1929 1555 1975 ex
1571 1909 1661 1974 libris
1675 1909 1828 1986 uniuersis
1843 1929 1923 1993 quoa

313 2023 418 2089 Varro
438 2025 564 2109 scripsit
583 2025 756 2110 permultos
777 2024 861 2090 iuter
882 2025 1065 2110 fragmenta
1085 2026 1165 2091 certi
1186 2025 1261 2091 libri
1281 2026 1321 2091 de
1341 2025 1401 2096 tl
1421 2025 1598 2106 collocaret,
1619 2047 1739 2111 reaper
1752 2047 1786 2090 se
1799 2026 1923 2091 incerta

313 2145 423 2207 manet
442 2163 523 2227 qnae
545 2144 603 2206 eet.
645 2139 726 2206 Item
746 2143 794 2205 ita
815 2141 968 2206 utnulla
996 2142 1156 2208 dubitatio
1182 2143 1414 2227 relinqueretur
1441 2162 1507 2206 non
1535 2163 1601 2207 esse
1629 2144 1845 2227 comparatam
1874 2143 1924 2208 vir

314 2259 512 2326 doctissimus
532 2259 600 2344 ipse
622 2258 701 2324 dicit
720 2279 751 2343 p.
772 2258 833 2336 323
854 2258 894 2323 de
913 2259 997 2324 libro
1012 2258 1196 2325 duodecimo
1217 2259 1259 2324 ob
1280 2279 1351 2324 eam
1365 2279 1509 2325 canaam
1528 2262 1641 2324 meere
1655 2280 1752 2343 quani
1771 2257 1923 2325 hariolari

314 2375 436 2442 mavult
455 2399 487 2461 p.
510 2377 560 2441 35.
603 2375 666 2442 Sed
686 2375 876 2460 fragmentis
896 2375 1036 2442 incertae
1050 2375 1132 2440 sedis
1145 2376 1227 2442 libro
1240 2378 1328 2442 cuius
1345 2379 1569 2462 argumentum
1582 2393 1642 2459 pro
1656 2380 1743 2440 certo
1758 2375 1923 2462 cognitum

313 2515 379 2558 non
399 2492 551 2560 habemus
573 2493 766 2560 remeantis
787 2513 891 2577 neque
912 2496 1134 2578 argumentum
1164 2493 1317 2559 librorum
1346 2494 1463 2559 certius
1484 2493 1594 2576 existit
1613 2513 1715 2576 neque
1735 2493 1927 2578 fragmentis

315 2610 430 2675 certior
452 2610 548 2676 sedes.

815 2782 887 2866 De
917 2781 1064 2868 libris
1095 2782 1425 2870 xlv-xxv.

413 2961 581 3028 Librorum
603 2967 829 3048 argumentum
848 2961 883 3026 in
904 2963 1086 3027 universum
1106 2961 1235 3046 quidem
1254 2960 1359 3027 Varro
1380 2961 1430 3026 bis
1450 2959 1602 3046 protulit,
1624 2963 1661 3024 ut
1682 2981 1776 3045 snpra
1796 2961 1923 3040 monui;

314 3079 370 3147 aed
392 3101 457 3164 qua
476 3080 600 3145 ratione
621 3079 754 3164 singulis
776 3078 866 3144 libris
887 3078 921 3144 id
941 3081 1126 3162 persecutus
1153 3078 1212 3158 sit,
1241 3097 1312 3144 cum
1342 3099 1449 3144 omnes
1478 3077 1646 3162 perierint,
1674 3098 1741 3142 nou
1767 3069 1922 3144 traditum

313 3200 371 3266 est.
414 3194 519 3272 Quare
540 3217 643 3280 pauca
664 3195 744 3261 mibi
772 3195 875 3262 adbuc
896 3195 1030 3262 dicenda
1051 3193 1166 3280 quibus
1186 3195 1263 3280 quid
1284 3194 1386 3261 doctis
1415 3194 1596 3260 hominibus
1623 3215 1662 3262 ea
1691 3193 1730 3260 de
1758 3216 1792 3260 re
1820 3181 1923 3260 nsum

312 3315 355 3380 sit
376 3313 662 3398 comprehenditur.
704 3312 834 3378 Etenim
855 3333 927 3378 cum
947 3311 1050 3376 omnis
1071 3312 1174 3397 operis
1196 3311 1235 3376 de
1255 3311 1366 3397 lingua
1386 3312 1489 3377 lobna
1502 3317 1569 3377 tres
1581 3312 1686 3378 facere
1701 3316 1808 3397 partes
1820 3311 1923 3376 Varro

312 3432 476 3498 statuisset
497 3435 530 3496 et
550 3431 632 3496 duae
652 3430 773 3515 priores
793 3432 902 3516 partes
916 3428 1064 3493 binarum
1077 3427 1217 3493 triadum
1231 3431 1346 3506 esseut,
1368 3427 1499 3492 fuerunt
1513 3428 1569 3512 qui
1582 3429 1682 3494 etiam
1694 3429 1778 3495 hanc
1792 3427 1923 3494 tertiam

313 3553 436 3632 partem
464 3547 600 3614 totidem
629 3545 777 3612 habuisse
802 3547 905 3612 libros
933 3549 1029 3630 atque
1058 3565 1113 3610 aex
1141 3544 1239 3610 libros
1267 3548 1444 3630 postremos
1472 3546 1562 3630 quasi
1590 3546 1796 3630 appendicem
1824 3545 1923 3610 fuisse

313 3665 498 3734 iudicarent
541 3663 654 3751 Itaque
675 3663 737 3732 Od.
758 3661 929 3729 Muellerus
949 3686 982 3749 p.
1004 3662 1030 3727 L
1051 3662 1151 3747 praef.
1173 3683 1206 3727 ee
1237 3662 1319 3728 dixit
1346 3663 1485 3741 nescim,
1515 3663 1700 3746 syntaxiene
1720 3662 1925 3729 Varroniano

312 3787 380 3849 tam
409 3783 574 3848 elaborata
601 3785 636 3848 et
663 3778 835 3867 profligata
863 3779 992 3859 anses,
1022 3783 1060 3844 ut
1088 3799 1197 3845 omues
1223 3769 1423 3866 undecim·³⁵')
1450 3781 1548 3846 libros
1578 3779 1620 3845 ad
1646 3779 1794 3846 ultimum
1821 3801 1922 3866 usque

312 3901 469 3986 complere
490 3901 655 3986 potuisset,
678 3921 720 3965 an
741 3899 877 3984 scriptor
897 3898 932 3964 in
952 3897 1157 3964 interioribus
1178 3895 1269 3963 libris
1291 3898 1333 3963 ad
1353 3919 1446 3964 usum
1467 3897 1692 3964 vocabulorum
1714 3901 1748 3962 et
1768 3899 1922 3964 orationis

312 4023 460 4084 ornatum
481 4021 514 4083 et
536 4018 652 4083 similia
673 4020 864 4104 argumenta
884 4019 1101 4102 bauagreesus
1123 4018 1213 4081 esset
1245 4012 1439 4081 Ititechelius
1459 4035 1539 4084 mus.
1560 4013 1651 4083 rhen.
1665 4013 1797 4080 nor.VI
1818 4015 1925 4100 paro

312 4134 464 4200 Muellero
485 4157 631 4202 assensus
652 4144 710 4214 est,
731 4133 950 4220 quianullum
971 4132 1058 4199 aliud
1075 4137 1300 4220 argumentum
1318 4133 1475 4218 reliqpom
1496 4136 1586 4212 esset,
1609 4131 1663 4196 sed
1684 4133 1733 4197 ita
1751 4134 1790 4196 ut
1808 4131 1923 4196 ultima
2066 4217 2070 4226 ,

312 4251 410 4317 herae
431 4271 547 4334 novem
568 4255 716 4336 quartam
736 4255 862 4337 partem
882 4250 1046 4332 effecisset,
1067 4273 1164 4337 quam
1183 4251 1288 4319 Varro
1309 4251 1441 4318 coneilio
1470 4251 1555 4316 inter
1576 4250 1776 4316 scribendum
1795 4252 1923 4316 mutato
2001 4271 2003 4278 ⁴

313 4367 495 4436 addidisset.
538 4369 595 4436 (lui
622 4371 749 4455 utrique
777 4372 846 4438 viro
875 4371 1040 4437 oblocutus
1069 4369 1301 4436 Wilmannsius
1328 4371 1402 4453 p.3
1432 4391 1499 4454 sqq.
1527 4367 1776 4435 luculentissime
1803 4366 1922 4450 docuit,

310 4485 488 4554 Vononem
508 4491 679 4574 syntaxeos
702 4489 869 4576 disciplina
896 4485 1063 4553 duodecim
1083 4487 1181 4552 libros
1202 4489 1339 4572 perbene
1360 4487 1502 4574 potuisse
1523 4485 1664 4571 implere,
1687 4485 1743 4569 qui
1764 4505 1836 4550 eam
1856 4504 1922 4549 non

336 4759 391 4843 185)
412 4761 553 4823 Varronis
575 4779 648 4838 opus
670 4763 706 4822 de
728 4763 746 4822 l.
760 4761 787 4824 l.
810 4767 950 4837 quattuor
972 4765 1002 4821 et
1022 4760 1126 4835 viginti
1146 4759 1236 4821 luisse
1257 4759 1397 4819 librorum
1418 4757 1577 4820 Muellerus
1606 4759 1694 4820 etiam
1714 4776 1743 4833 p.
1764 4757 1808 4817 XI
1829 4753 1920 4831 praef.

411 4871 466 4928 pro
488 4859 572 4916 certo
594 4855 727 4929 sumpsit.
