4684 5792
1256 763 1295 829 12

1175 851 1375 864 mm

472 986 556 1031 nunc
585 963 678 1030 dictis
710 967 744 1028 et
771 963 805 1028 in
836 961 1047 1028 deminutivis.
1100 959 1213 1046 Neque
1241 962 1466 1030 vocabulorum
1493 961 1722 1046 compositione
1762 965 1819 1028 aut
1844 962 2006 1031 collisione
2033 987 2076 1032 ex

470 1080 624 1148 Varronis
644 1079 803 1146 sententia
823 1080 851 1146 is
872 1077 1114 1164 comprehensus
1146 1083 1209 1158 est,
1238 1101 1297 1146 nac
1324 1078 1517 1164 syllabarum
1545 1077 1752 1164 productione
1781 1083 1839 1144 aut
1866 1081 2079 1166 correptione,

469 1221 529 1266 neo
557 1197 791 1284 quadripartita
819 1195 875 1262 illa
903 1217 985 1281 quae
1013 1195 1055 1261 ad
1082 1195 1207 1262 litteras
1238 1200 1363 1284 spectat
1390 1195 1524 1262 ratione.
1584 1191 1696 1282 Itaque
1726 1194 1919 1262 Wilmaunsi
1951 1219 2078 1285 quoque

469 1316 638 1383 lectionem
657 1315 731 1381 huic
750 1313 820 1381 loco
842 1334 881 1379 ax
901 1317 994 1398 parte
1014 1316 1150 1392 tantum
1182 1313 1268 1398 quod
1287 1313 1330 1379 ad
1351 1312 1519 1378 verborum
1540 1313 1801 1397 compositionem
1822 1319 1859 1380 ut
1881 1314 2080 1400 singularem

471 1434 639 1501 verborum
676 1431 931 1499 commutationis
959 1430 980 1495 i.
1010 1449 1037 1496 a.
1068 1428 1290 1496 declinationis
1318 1449 1460 1496 massam
1487 1429 1641 1515 perlinat,
1676 1429 1795 1496 mederi
1823 1436 1857 1497 et
1881 1432 2076 1501 collisionem

471 1571 613 1622 caussam
651 1549 819 1616 verborum
847 1546 979 1634 originis
1007 1568 1027 1613 a
1054 1547 1281 1633 compositione
1315 1545 1472 1612 disemum
1506 1566 1570 1612 non
1598 1547 1734 1632 positam
1766 1547 1864 1614 inisse
1891 1571 2081 1634 persuasum.

471 1667 582 1734 habeo.
608 1703 647 1716 —
668 1665 828 1733 Lectionis
865 1669 974 1750 aperte
1001 1663 1170 1730 mutilatae
1196 1661 1370 1728 remedium
1398 1663 1564 1748 quaerenti
1590 1663 1671 1730 mibi
1701 1665 1850 1731 mendum
1877 1665 1912 1730 in
1941 1687 1979 1733 eo
2008 1689 2078 1734 essa

469 1787 617 1870 positum,
639 1783 723 1870 quod
744 1782 829 1848 iuter
849 1781 1049 1867 syllabarum
1069 1786 1103 1849 at
1116 1779 1327 1863 mauman
1347 1780 1440 1867 plura
1464 1779 1562 1846 verba
1593 1781 1841 1862 intercidanmt,
1872 1788 1967 1870 atque
1995 1783 2076 1853 illud

469 1904 552 1982 iteca
574 1900 742 1987 quoidam
763 1899 813 1966 vel
834 1897 1271 1976 similismodusindicutur,
1305 1898 1475 1983 vestgium
1497 1898 1625 1982 aliquod
1646 1903 1768 1965 certum
1788 1899 1909 1986 primae
1929 1900 2081 1986 lectionis

470 2019 595 2086 videtur
616 2017 791 2086 ostendam.
834 2016 938 2094 Quare
958 2014 1136 2082 Varronem
1156 2013 1288 2082 sistere
1313 2015 1473 2100 scripsisse
1494 2015 1657 2082 existimo:
1684 2015 1733 2096 ,In
1764 2017 2072 2086 consuetudins....

470 2137 607 2202 maxime
627 2138 758 2221 propter
778 2134 828 2200 bis
848 2131 1019 2221 quaternus
1040 2155 1175 2200 causam.
1217 2132 1415 2198 Litterarum
1441 2133 1527 2198 anim
1554 2132 1593 2198 tit
1621 2134 1803 2219 demptione
1834 2139 1891 2200 aut
1911 2134 2080 2202 additione-

471 2259 504 2320 at
524 2255 655 2339 propter
675 2273 783 2317 aarum
813 2251 1038 2317 attractionem
1060 2255 1117 2316 aut
1147 2249 1446 2330 commutationem,
1473 2249 1552 2316 item
1581 2250 1775 2335 syllabarum
1802 2254 1992 2319 attractione
2017 2258 2081 2319 aut

470 2370 709 2436 mmmututiocc
730 2373 760 2434 ct
778 2367 1000 2435 oocubmum
1019 2368 1241 2450 compositione
1261 2373 1319 2434 act
1338 2367 1566 2454 productione!

570 2485 655 2563 Quas
676 2486 726 2552 bis
746 2490 917 2572 quaternas
937 2507 1063 2553 caussas
1084 2491 1191 2552 utrum
1211 2484 1315 2552 Varro
1337 2489 1423 2552 certo
1444 2484 1527 2551 libro
1549 2485 1718 2552 exordiae
1751 2486 1938 2573 explicuerit
1959 2509 2000 2554 au
2022 2488 2077 2556 hic

469 2603 535 2670 illic
555 2603 657 2669 solum
677 2603 855 2689 promiscua
875 2603 1056 2683 ostenderit,
1089 2607 1237 2669 neutum
1257 2623 1315 2688 pro
1335 2606 1424 2670 carto
1446 2606 1587 2668 statuae
1615 2608 1706 2688 potes
1734 2625 1774 2669 ex
1801 2605 1846 2670 eis
1873 2627 1954 2690 quae
1982 2606 2076 2672 nobis

469 2720 592 2806 reliqua
613 2725 696 2801 sunt,
718 2742 909 2806 quamquam
933 2719 1037 2786 Varro
1058 2720 1141 2786 libro
1156 2719 1212 2802 IV,
1233 2720 1290 2786 ubi
1309 2718 1348 2787 dc
1370 2721 1472 2786 torma
1493 2721 1708 2807 etymologiae
1729 2721 1808 2807 egit,
1829 2742 1870 2787 ea
1890 2743 1971 2808 quaa
1992 2722 2078 2789 libro

468 2835 501 2902 11
533 2841 566 2902 at
592 2835 642 2902 111
670 2841 782 2904 contra
810 2842 843 2904 at
872 2857 929 2924 pro
957 2859 994 2902 eu
1022 2837 1217 2923 disputaret,
1247 2837 1281 2902 in
1308 2838 1490 2904 universum
1517 2839 1790 2925 comprehendisse
1828 2839 1988 2925 putandus
2017 2845 2076 2910 est.

469 2955 609 3021 Dubium
630 2975 696 3020 essa
716 2976 782 3020 non
803 2959 918 3041 posset,
941 2956 968 3021 si
982 2955 1004 3025 l.
1019 2977 1045 3022 a
1060 2954 1220 3041 legeretur
1236 2955 1272 3020 ic
1286 2957 1451 3040 capenae
1464 2955 1563 3037 iibro;
1585 2979 1669 3024 nunc
1684 2956 1782 3022 verba
1805 2955 1841 3021 in
1855 2955 2078 3039 superioribus

469 3071 563 3138 tibris
582 3092 649 3137 rem
670 3072 826 3139 incertam
858 3072 989 3140 iaciunt
1032 3071 1202 3139 Rationem
1229 3093 1305 3138 vero
1333 3094 1429 3158 quum
1448 3071 1553 3140 Varro
1580 3074 1670 3140 libris
1690 3071 1844 3140 VIII-X
1872 3077 1997 3140 secutas
2026 3079 2083 3140 est.

469 3189 682 3256 consideranti
704 3188 790 3256 haud
812 3188 878 3256 iere
899 3189 1031 3256 dubium
1053 3193 1102 3255 est
1122 3189 1199 3274 quin
1217 3188 1301 3254 libro
1314 3188 1362 3255 IV
1375 3195 1502 3276 praeter
1523 3191 1603 3257 alias
1623 3214 1673 3258 res
1694 3213 1775 3278 quaa
1789 3192 1830 3258 ad
1848 3191 2081 3277 etymologiam

468 3307 650 3373 universam
671 3310 818 3392 spectant
838 3307 943 3373 ramos
964 3305 1035 3373 illos
1057 3306 1237 3373 declinandi
1268 3306 1378 3372 modos
1406 3310 1588 3374 summatim
1615 3310 1827 3396 composuerit
1855 3313 1889 3376 ct
1916 3310 2075 3381 bactffit.

468 3424 537 3502 auo
559 3424 670 3492 ordine
692 3425 791 3493 trium
809 3422 964 3490 librorum
996 3423 1160 3489 materiem
1189 3428 1372 3509 persecutns
1400 3425 1443 3491 sit
1471 3446 1511 3491 ex
1538 3425 1583 3491 eis
1612 3448 1693 3512 qaue
1721 3431 1833 3493 extant
1860 3425 1927 3493 erui
1953 3429 2081 3512 nequit,

468 3541 612 3627 quamvis
633 3540 755 3627 ingenii
776 3561 909 3608 nooman
930 3561 1084 3607 exerceas.
1127 3539 1172 3606 Et
1185 3539 1339 3608 Varronis
1361 3546 1395 3609 at
1415 3541 1550 3609 aliorum
1563 3544 1747 3610 testimonia
1767 3565 1805 3610 aa
1826 3544 1865 3610 de
1886 3566 1920 3610 re
1945 3543 2072 3623 desuut;

467 3679 527 3726 nec
559 3679 640 3743 quae
660 3657 765 3724 Varro
792 3658 827 3723 in
855 3655 1059 3743 sequentibus
1087 3657 1178 3724 libris
1206 3657 1245 3724 da
1274 3659 1469 3746 etymologia
1497 3661 1533 3726 in
1561 3662 1741 3728 universum
1770 3662 1955 3749 (praecipue
1982 3661 2083 3727 initio

466 3776 541 3842 libri
561 3775 608 3862 V)
630 3775 765 3860 scripsit
785 3779 871 3842 carto
892 3774 975 3841 libro
997 3780 1129 3862 possunt
1152 3773 1314 3842 vindicari.
1343 3774 1413 3853 Qua
1426 3779 1549 3845 radone
1573 3779 1656 3846 libro
1672 3777 1720 3845 111
1735 3785 1846 3846 contm
1861 3778 2076 3865 etymologiae

467 3893 699 3979 praestantiam
726 3891 831 3959 Varro
860 3891 1084 3978 ffispumrerit,
1113 3892 1250 3980 vmtigia
1278 3894 1406 3981 quidem
1434 3895 1494 3961 sibi
1524 3896 1608 3962 visus
1636 3901 1685 3964 est
1716 3896 1872 3962 invenisse
1893 3895 2076 3962 Wilmunns

467 4010 488 4078 l.
510 4009 531 4076 l.
554 4033 585 4096 p.
608 4011 649 4076 23
683 4011 717 4076 in
739 4011 915 4098 Augustini
943 4009 1052 4077 libello
1083 4010 1123 4077 de
1151 4011 1333 4090 dialectics;
1362 4011 1464 4098 quid?
1495 4013 1580 4099 quod
1608 4035 1639 4099 p.
1667 4015 1727 4079 145
1755 4013 1904 4080 uarium
1933 4014 2077 4099 praefixo

467 4127 621 4194 Varronis
640 4148 756 4194 nomen
776 4148 841 4193 non
856 4129 1036 4213 appositum
1051 4121 1243 4212 significans,
1266 4130 1441 4216 Augustini
1463 4131 1561 4197 varba
1576 4153 1648 4199 cum
1669 4131 1769 4198 altero
1783 4128 1870 4196 Noni
1893 4129 2082 4216 fragmento

467 4246 552 4311 inter
583 4242 737 4310 Varronis
766 4243 927 4330 relliquias
953 4244 1030 4310 libri
1056 4241 1105 4310 111
1131 4267 1249 4330 ponera
1270 4268 1363 4312 ausus
1392 4252 1449 4314 ast
1492 4247 1595 4326 Quare
1623 4248 1712 4335 prius
1741 4270 1837 4334 quam
1865 4246 1908 4313 ad
1936 4247 2072 4316 altemm

467 4361 590 4446 primae
622 4359 756 4426 hsxadis
785 4365 912 4446 partem
942 4366 1087 4442 uanam,
1122 4367 1160 4428 ut
1189 4361 1276 4430 hisce
1308 4364 1347 4430 da
1378 4364 1456 4433 locis
1488 4365 1592 4433 dicam
1621 4365 1778 4452 reliquum
1808 4371 1866 4436 ast.
1928 4364 2075 4432 Alterum

467 4478 678 4564 perexiguum
697 4477 913 4564 fragmentum
933 4478 1052 4566 legitur
1073 4479 1157 4566 apud
1178 4478 1319 4548 Nonium
1340 4506 1371 4569 p.
1393 4482 1456 4548 450
1477 4481 1537 4548 lt:
1576 4481 1689 4564 ,Varro
1718 4485 1823 4550 asinos
1848 4483 1960 4550 rudere
1981 4505 2076 4551 mnas

467 4593 602 4680 gannire
623 4593 726 4680 pullos
748 4597 859 4682 pipare
881 4596 983 4667 dixit*
1024 4595 1171 4664 Alterum
1193 4597 1271 4664 illud
1292 4599 1377 4684 quod
1397 4600 1468 4686 plus
1500 4605 1651 4687 quattuor
1671 4601 1806 4688 paginas
1826 4601 1861 4667 in
1882 4600 2081 4669 Wilmannsi'.

466 4709 574 4778 libello
608 4711 730 4797 explet,
760 4712 828 4779 sina
848 4712 1002 4782 Varronis
1029 4716 1176 4797 nomine,
1205 4721 1243 4784 nt
1269 4716 1363 4784 modo
1393 4717 1475 4798 dixi,
1504 4719 1589 4806 apud
1619 4719 1836 4806 Augustinum
1863 4716 1903 4784 de
1931 4719 2004 4786 dial.
2028 4718 2075 4785 VI

466 4851 497 4913 p.
519 4829 560 4896 42
582 4827 629 4895 aa
653 4851 762 4916 congr.
784 4829 815 4898 S.
836 4831 882 4902 Μ.
903 4853 934 4917 p.
955 4831 971 4898 I
993 4833 1042 4899 ed
1066 4832 1153 4902 Orac.
1184 4832 1346 4900 invenitur
1374 4834 1525 4921 brevique
1553 4842 1723 4922 conspectu
1753 4837 1811 4902 dat
1837 4835 2007 4904 stoicorum
2035 4837 2084 4905 da·
