4684 5792
1195 747 1236 811 30

415 945 626 1030 condidisset,
659 947 713 1014 sed
745 949 913 1014 materiam
942 945 1134 1012 uberrimam
1167 969 1186 1012 a
1219 945 1326 1012 stoicis
1360 948 1545 1032 congestam
1576 945 1765 1036 inuenisset.¹
1812 945 1881 1022 Qua
1915 946 1950 1014 in
1985 968 2021 1012 re

416 1061 663 1132 Wilmannsium
684 1069 769 1134 recte
789 1063 944 1131 iudicasse
972 1085 1009 1130 eo
1034 1061 1197 1128 lubentius
1227 1061 1516 1146 contendo,'qnod
1542 1060 1724 1148 fragmento
1753 1061 1835 1129 Gelli
1858 1063 1880 1127 l.
1903 1061 1981 1128 XVI
2001 1063 2021 1128 8

415 1177 583 1259 ,M.Varro
603 1179 638 1245 in
659 1180 742 1248 libro
764 1180 802 1247 de
824 1179 936 1264 lingua
955 1177 1058 1244 latina
1080 1178 1314 1246 adCiceronem
1335 1182 1483 1264 quarto
1505 1183 1548 1244 et
1569 1179 1767 1245 vicesimo
1788 1179 2021 1265 expeditissime

413 1297 462 1362 ita
488 1295 573 1362 finit:
602 1296 810 1380 Proloquima
836 1301 882 1363 cst
909 1297 1065 1390 remedio
1085 1297 1121 1360 ia
1142 1317 1206 1379 qao
1226 1295 1308 1362 etit
1329 1295 1541 1362 desideratur‘
1563 1293 1741 1362 Varronem
1762 1296 1802 1361 de
1830 1299 2019 1382 argumento

415 1413 529 1481 tertiae
549 1416 668 1499 partis,
690 1418 728 1479 ut
747 1413 901 1489 vocabula
921 1413 1006 1478 inter
1025 1433 1058 1477 se
1078 1413 1249 1479 coniuncta
1275 1412 1467 1479 sententiam
1494 1412 1656 1491 efferrent,
1683 1412 1771 1478 omni
1799 1434 1893 1497 opere
1921 1433 2022 1498 paene

412 1530 558 1597 conlecto
586 1530 762 1614 disputasse
790 1533 935 1615 apparet.
975 1527 1025 1594 Ex
1054 1529 1099 1595 eis
1121 1551 1202 1614 quae
1222 1533 1387 1614 praeterea
1407 1533 1521 1596 extant
1542 1527 1723 1614 fragmenta
1744 1533 1850 1595 certae
1878 1528 1960 1594 sedis
1986 1528 2022 1592 in

414 1647 464 1712 his
485 1647 583 1726 libris,
606 1646 690 1732 quod
711 1645 907 1731 singulorum
927 1643 1080 1714 librorum
1101 1643 1198 1710 fuerit
1219 1649 1441 1731 argumentum
1463 1645 1530 1711 erui
1551 1645 1672 1731 nequit.

415 1888 664 1974 Varronis
696 1885 973 1970 divisiones
1006 1885 1369 1988 grammaticae
1399 1887 1776 1990 componuntur
1816 1888 1869 1970 et
1905 1906 2023 1972 cum

624 2039 698 2122 eis
731 2059 862 2140 quae
892 2035 1045 2120 hodie
1078 2042 1200 2124 sunt
1230 2037 1285 2120 in
1315 2057 1412 2122 uisu
1442 2039 1819 2142 comparantur.

515 2233 585 2310 Qua
605 2233 640 2297 in
660 2253 694 2296 re
716 2229 776 2296 hoc
798 2229 966 2315 praecipue
989 2233 1105 2308 teneas,
1128 2250 1147 2293 a
1167 2226 1312 2301 Varrone
1334 2229 1563 2301 declinationes
1585 2229 1737 2316 appellari
1759 2252 1824 2296 non
1845 2232 1946 2296 solum
1966 2253 2021 2297 eas

412 2351 529 2438 quibus
543 2371 628 2415 nunc
644 2369 761 2413 nomen
778 2351 835 2426 est,
858 2347 1026 2412 sedetiam
1041 2346 1208 2412 verborum
1223 2345 1490 2432 conjugationem,
1501 2347 1771 2431 comparationem
1785 2347 2020 2426 adiectivomm,

413 2468 544 2533 omnino
566 2463 791 2530 vocabulorum
812 2463 981 2529 cuiuslibet
1001 2464 1128 2550 generis
1149 2463 1359 2550 flexuramli)
1401 2460 1514 2546 Itaque
1536 2461 1602 2526 tx
1619 2463 1659 2528 14
1672 2484 1704 2548 p.
1719 2464 1778 2529 551
1800 2486 1868 2550 sqq.
1889 2466 2022 2550 prima

415 2585 481 2650 eius
502 2582 615 2647 divisio
637 2581 671 2646 in
692 2581 837 2647 oratione
858 2585 923 2661 est,
954 2579 1040 2665 quod
1067 2578 1131 2644 alia
1158 2579 1256 2644 rerba
1285 2599 1441 2666 nusquam
1470 2580 1670 2646 declinantur
1696 2584 1733 2645 ut
1760 2581 1814 2646 uix
1842 2603 1928 2662 mox,
1959 2582 2023 2648 alia

415 2701 615 2768 declinantur
636 2702 673 2764 ut
694 2720 714 2762 a
734 2696 810 2762 limo
831 2697 951 2763 limabo
973 2719 993 2762 a
1013 2695 1080 2762 iero
1102 2695 1301 2782 serebam.⁸²)
1344 2694 1532 2766 Secunda
1560 2695 1673 2762 divisio
1701 2701 1749 2762 est
1778 2696 1816 2763 de
1845 2697 1896 2766 his
1917 2697 2021 2764 verbis

414 2839 496 2903 quae
517 2814 670 2880 declinari
689 2819 831 2899 possunt,
853 2813 937 2898 quod
959 2814 1023 2878 alia
1043 2816 1117 2878 sunt
1139 2836 1160 2878 a
1181 2812 1361 2894 voluntate,
1384 2812 1449 2878 alia
1469 2833 1490 2884 a
1509 2817 1634 2880 natura.
1662 2812 1871 2882 Voluntatem
1881 2815 2023 2902 appellat

412 2955 486 3001 cum
507 2931 691 3016 uuusquivis
713 2930 880 2996 anemius
903 2930 966 2996 alio
988 2930 1124 3015 imponit
1144 2951 1270 3009 nomen,
1292 2933 1329 2995 ut
1348 2928 1502 3002 Romulus
1522 2929 1660 3009 Romaer
1683 2937 1831 2998 naturam
1851 2932 1931 3000 dicit
1952 2955 2023 3000 cnm

414 3048 553 3118 universi
576 3051 740 3134 acceptum
767 3069 883 3114 nomen
913 3046 954 3112 ab
980 3066 1019 3114 eo
1046 3047 1101 3131 qui
1128 3046 1280 3132 imposuit
1306 3068 1372 3114 non
1404 3047 1571 3132 requirunt
1596 3049 1863 3134 quemadmodum
1890 3049 1917 3116 is
1946 3050 2023 3116 velit

412 3165 575 3246 declinari,
598 3165 653 3231 sed
673 3165 733 3252 ipsi
753 3165 918 3232 declinant
937 3168 976 3230 ut
995 3163 1088 3230 huius
1102 3163 1224 3230 Romae
1239 3163 1322 3230 hanc
1340 3163 1476 3230 Romam
1495 3164 1556 3238 hac
1568 3163 1732 3249 Roma⁸⁸)
1774 3164 1823 3231 De
1836 3165 1886 3230 his
1900 3166 2022 3232 duabus

413 3281 557 3368 partibus
578 3281 792 3352 uoluntariam
812 3282 1058 3350 declinationem
1079 3281 1189 3348 reterri
1212 3281 1254 3348 ad
1274 3279 1553 3364 consuetudinem,
1580 3281 1758 3348 naturalem
1786 3281 1828 3360 ad
1855 3283 2023 3352 rationem

412 3397 516 3476 Qam
537 3397 725 3464 divisionem
746 3420 785 3465 ex
806 3399 949 3486 generali
969 3399 1026 3465 illa
1046 3398 1228 3466 declinandi
1248 3398 1379 3464 notione
1399 3398 1527 3466 fluxisse
1549 3399 1660 3468 statim
1677 3398 1847 3485 intelliges,
1870 3421 1942 3466 cum
1957 3421 2024 3466 non

413 3513 508 3580 modo
528 3513 640 3580 eadem
660 3516 823 3583 nominum
851 3537 971 3602 genera
1002 3515 1077 3582 inde
1099 3515 1259 3595 oriantur,
1289 3515 1345 3580 sed
1366 3514 1497 3582 nomina
1518 3519 1551 3582 at
1578 3515 1777 3582 voluntariae
1805 3519 1840 3581 et
1866 3515 2024 3582 naturalis

412 3630 515 3714 partis
536 3630 570 3696 in
593 3631 703 3699 eadem
725 3632 844 3700 termas
865 3633 1037 3700 seeundum
1058 3631 1199 3719 singulas
1219 3633 1337 3718 species
1358 3654 1492 3717 quarum
1507 3636 1581 3699 sunt
1595 3635 1837 3699 commutentur.
1879 3630 2024 3698 'l'ertia

414 3745 528 3815 divisio
548 3748 569 3814 1.
591 3745 622 3814 X
644 3751 682 3815 17
705 3755 755 3817 est
775 3772 857 3836 quae
878 3750 976 3816 verba
998 3749 1158 3816 declinata
1179 3753 1335 3816 enatura
1357 3749 1473 3815 dividit
1493 3750 1527 3814 in
1547 3754 1655 3836 partes
1674 3753 1843 3836 quattuor,
1872 3749 1906 3814 in
1927 3770 2024 3815 unam

412 3883 495 3948 quae
517 3863 616 3932 habet
642 3889 731 3934 casus
760 3889 862 3954 neque
891 3873 1037 3954 tempora
1064 3869 1103 3931 ut
1130 3865 1241 3932 docilis
1267 3864 1388 3948 facilis,
1417 3867 1452 3932 in
1479 3868 1615 3934 alteram
1643 3889 1725 3953 quae
1753 3866 1853 3933 habet
1880 3871 2024 3952 tempora

413 4001 516 4065 neque
538 4003 628 4050 casus
649 3989 687 4051 ut
707 3986 800 4054 docet
820 3986 909 4067 iacit,
931 3985 966 4051 in
987 3984 1117 4051 tertiam
1137 4003 1221 4067 quae
1241 3986 1376 4067 utraque
1395 3989 1433 4050 ut
1449 3983 1563 4052 docens
1576 3983 1705 4063 faciens,
1726 3984 1761 4049 in
1776 3987 1924 4069 quartam
1942 4005 2024 4068 qnae

445 4264 490 4350 θ’)
512 4267 546 4328 1.
568 4269 597 4328 X
619 4273 658 4329 tt
681 4289 711 4347 p.
736 4274 813 4334 oet:
847 4272 1011 4332 DeclinatIo
1033 4277 1093 4344 est,
1126 4287 1212 4345 quom
1234 4286 1270 4329 ex
1292 4268 1382 4330 verbo
1404 4271 1433 4330 iu
1456 4271 1591 4346 rmbum,
1614 4275 1665 4329 unt
1686 4285 1722 4329 ex
1744 4269 1826 4330 verbi
1846 4269 2022 4346 discrimine,

511 4367 545 4420 ut
566 4368 699 4423 transeat
719 4379 809 4440 mens,
833 4365 913 4425 vocts
934 4363 1122 4424 commutatio
1143 4360 1178 4421 it
1199 4361 1306 4436 aliqua.

445 4447 489 4533 ⁸²)
511 4451 545 4514 1..
570 4452 637 4512 VIII
668 4457 687 4514 9
715 4472 744 4530 p.
775 4457 854 4517 398:
886 4454 953 4515 Duo
981 4455 1056 4516 enim
1086 4470 1195 4529 genera
1224 4453 1397 4514 rerbomm:
1431 4469 1519 4513 unum
1547 4450 1716 4528 lecnudum,
1746 4452 1825 4529 quod
1853 4453 2023 4515 declinando

513 4544 619 4604 multas
642 4562 678 4605 ex
701 4563 733 4606 ss
755 4548 834 4622 parit
856 4547 1002 4622 disparilis
1024 4545 1147 4620 tonnus,
1170 4553 1203 4605 ut
1223 4551 1268 4606 est
1289 4546 1355 4620 logo
1375 4545 1449 4620 tegle
1471 4545 1581 4620 legam,
1610 4546 1652 4606 sic
1680 4546 1752 4606 alis:
1782 4545 1905 4606 altemm
1934 4561 2023 4622 genus

512 4637 622 4710 sterile,
644 4638 722 4714 quod
744 4655 780 4698 ex
804 4655 836 4698 se
857 4639 936 4714 parit
957 4637 1037 4714 nihil,
1059 4645 1093 4697 ut
1114 4644 1160 4698 est
1181 4639 1269 4699 etiam
1289 4637 1337 4696 vix
1358 4652 1424 4696 eras
1446 4638 1537 4712 magis
1559 4653 1642 4714 quor.

446 4723 490 4809 ³⁸)
512 4726 546 4788 L.
567 4728 596 4787 x
619 4732 655 4788 tr
681 4746 711 4804 p.
736 4732 812 4792 ott:
846 4729 1031 4790 Voluntatem
1055 4729 1121 4789 dico
1149 4729 1361 4804 impositionem
1388 4727 1609 4802 vocabulorum,
1642 4733 1775 4788 naturam
1803 4727 2024 4788 declinationem

513 4820 729 4898 vocabulorum,
751 4838 809 4896 quo
833 4822 998 4882 decurritur
1019 4822 1081 4882 siue
1102 4821 1244 4882 doctrina.
1288 4817 1332 4880 Gi.
1355 4819 1422 4880 viti
1445 4823 1482 4879 21
1505 4837 1535 4895 p.
1558 4823 1618 4880 too
1641 4821 1669 4879 in
1692 4827 1752 4880 not.
1776 4821 1825 4881 31.
