4684 5792
1072 759 1110 825 17

289 965 460 1050 veriloquis
480 962 640 1048 originum
661 959 824 1036 ridentum
846 959 1026 1026 litterarum
1047 959 1253 1026 commutatio
1265 979 1331 1024 non
1345 957 1384 1023 tit
1399 959 1571 1043 praecepto
1585 955 1620 1020 in
1642 977 1750 1022 aarum
1765 959 1881 1021 natura

286 1080 406 1166 posita;
427 1076 693 1163 quemadmodum
713 1079 746 1141 ct
766 1097 830 1161 qna
850 1073 1076 1142 vocabulorum
1096 1073 1199 1141 torma
1220 1073 1402 1152 declinetur,
1423 1072 1465 1138 ad
1486 1073 1654 1139 arbitrium
1668 1073 1771 1159 magis
1785 1095 1881 1158 quam

285 1193 328 1258 ad
348 1193 454 1280 legem
474 1192 669 1268 decernitnr3
692 1189 731 1256 de
753 1189 914 1256 vocabulis
935 1190 1116 1276 compositis
1146 1211 1209 1274 qna
1239 1189 1363 1255 ratione
1391 1189 1467 1256 fictu
1496 1187 1577 1267 sint,
1606 1209 1670 1254 non
1699 1187 1881 1263 ediscimus3

284 1310 418 1376 omnino
439 1306 612 1392 veriloquis
631 1307 736 1393 posita
756 1305 885 1372 initium
905 1304 1011 1391 potius
1031 1303 1216 1390 disciplinas
1237 1303 1366 1390 sapiunt
1386 1325 1483 1388 qnam
1504 1302 1704 1390 disciplinam
1725 1301 1760 1367 in
1780 1305 1883 1368 certos

287 1424 368 1490 lines
390 1421 552 1489 redactam
572 1421 733 1508 firmisque
755 1425 864 1487 nixam
883 1419 1108 1486 fundamentis.
1119 1419 1163 1505 18)
1194 1418 1363 1485 Praeterea
1384 1417 1565 1504 philosophi
1592 1439 1657 1483 non
1682 1416 1883 1504 grammatici

290 1541 368 1604 sunt
395 1558 503 1602 omncs
533 1536 599 1603 iere
627 1536 782 1602 Varronis
811 1535 846 1600 in
873 1534 924 1600 his
951 1534 1041 1602 libris
1068 1533 1250 1620 argumenti
1277 1533 1455 1600 divisiones.
1504 1531 1579 1599 Jam
1607 1533 1705 1599 trium
1728 1532 1883 1598 librorum

292 1651 424 1738 partitio
444 1673 540 1736 qnam
559 1672 655 1736 supra
675 1651 798 1738 legisti,
820 1651 950 1716 minime
970 1649 1111 1737 pertinet
1131 1647 1173 1714 ad
1194 1649 1442 1735 etymologicon,
1464 1648 1616 1735 quoniam
1636 1651 1671 1713 et
1690 1647 1831 1714 locorum
1850 1649 1883 1710 et

292 1771 469 1852 temporum
496 1765 650 1832 vocabula
678 1765 773 1830 simili
802 1765 896 1832 modo
924 1770 1000 1832 sunt
1024 1765 1190 1849 impositu,
1225 1784 1328 1850 neque
1363 1785 1401 1829 ea
1436 1785 1517 1848 qnae
1545 1764 1580 1828 in
1609 1762 1714 1828 soluta
1739 1763 1883 1828 oratione

291 1881 496 1948 inveniuntur
515 1880 677 1961 vocabula,
700 1880 764 1945 aba
783 1880 855 1965 lege
875 1884 951 1946 sunt
970 1879 1046 1946 fictu
1066 1883 1162 1966 atque
1176 1901 1213 1945 aa
1227 1879 1340 1964 quibus
1355 1883 1468 1964 poetae
1481 1881 1624 1944 utuntur.
1665 1877 1884 1964 Pythagoram

290 1993 433 2061 Samium
453 1996 488 2060 in
508 1995 682 2080 partitione
703 1995 759 2060 illa
787 2017 820 2060 se
849 1999 989 2062 secutum
1017 1996 1085 2082 ipse
1106 1999 1204 2060 Varro
1232 1995 1312 2062 dicit
1331 1992 1363 2059 V
1385 1995 1423 2060 11
1445 2017 1477 2080 p.
1496 1994 1547 2060 22.
1590 1992 1652 2071 Qui
1678 1993 1884 2081 philosophus

288 2110 512 2177 celeberrimus
532 2132 606 2177 cum
620 2111 761 2177 omnium
772 2133 879 2177 rerum
898 2111 993 2178 initia
1011 2133 1077 2177 esse
1091 2110 1168 2175 bina
1182 2109 1457 2190 demonsbaserit,
1477 2115 1515 2176 ut
1526 2109 1655 2176 linitum
1668 2114 1701 2175 et
1713 2107 1884 2186 inlinitum,

288 2224 409 2292 bonum
430 2229 463 2291 et
483 2223 612 2304 malum,
633 2227 734 2292 vitam
755 2230 788 2291 et
807 2229 951 2306 mortem,
973 2226 1057 2292 diem
1076 2229 1111 2291 et
1131 2229 1274 2292 noctem:
1295 2225 1398 2290 Varro
1420 2246 1491 2290 eam
1504 2225 1545 2290 ob
1560 2245 1702 2292 caussam
1722 2224 1800 2289 item
1822 2221 1884 2288 dno

288 2339 450 2421 dimernit,
474 2344 594 2406 statum
622 2345 655 2406 et
683 2344 820 2418 motum;
850 2340 936 2426 quod
964 2344 1030 2406 stat
1059 2345 1115 2407 aut
1144 2342 1303 2428 agitatur,
1325 2362 1457 2427 eorpus;
1486 2342 1542 2407 ubi
1571 2342 1732 2428 agitatur,
1761 2340 1884 2414 locnm;

292 2455 368 2520 dum
397 2441 557 2541 agitatur,
585 2461 728 2541 tempus;
760 2456 844 2542 quod
872 2461 920 2522 est
947 2457 982 2522 in
1013 2456 1156 2542 agitatu,
1186 2457 1343 2524 sobonem
1364 2457 1405 2523 V.
1439 2457 1478 2522 12
1510 2479 1541 2543 p.
1562 2457 1614 2526 23.
1667 2457 1771 2534 Quare
1800 2456 1885 2542 quod

291 2590 392 2656 neque
420 2592 560 2656 unquam
587 2575 711 2657 tempus
733 2572 811 2656 quin
832 2572 930 2638 fuerit
949 2576 1070 2652 motus,
1097 2593 1200 2657 neque
1222 2576 1327 2638 motus
1347 2571 1403 2638 ubi
1422 2592 1489 2638 non
1508 2571 1594 2638 locus
1617 2577 1649 2638 et
1671 2578 1804 2658 tempus,
1827 2572 1885 2637 has

292 2686 457 2751 initiorum
488 2687 659 2773 quadrigas
690 2687 798 2772 ponit:
833 2687 938 2754 locum
976 2691 1009 2752 et
1044 2708 1173 2774 corpus,
1208 2691 1333 2773 tempus
1369 2692 1402 2753 et
1437 2689 1606 2756 actionem.
1657 2685 1886 2753 Verumtamen

294 2821 375 2885 qnae
404 2801 439 2865 in
468 2801 693 2868 vocabulorum
724 2801 935 2890 etymologia,
954 2803 997 2868 sit
1023 2803 1071 2868 ris
1106 2802 1420 2889 quadripartitionis,
1450 2802 1538 2870 nullo
1572 2802 1666 2868 modo
1694 2824 1713 2867 a
1741 2800 1887 2867 Varrone

292 2915 472 2982 ostenditur
492 2937 624 3002 eamque
646 2917 687 2982 ab
708 2916 918 3001 impositionis
940 2919 1064 2983 ratione
1086 2919 1223 2985 alienam
1253 2938 1319 2984 esse
1341 2917 1435 2984 facile
1452 2917 1654 3004 intelligitur.
1697 2914 1771 2982 Non
1794 2915 1888 2982 aliter
1956 2923 1959 2932 ⁴
2025 3014 2027 3018 Α

292 3055 325 3098 se
345 3054 395 3098 res
416 3033 514 3099 babet
535 3033 566 3097 V
589 3035 627 3100 16
647 3057 678 3119 p.
699 3033 750 3112 26,
771 3033 826 3100 ubi
848 3035 988 3102 locorum
1008 3035 1171 3112 vocabula,
1193 3035 1268 3119 quia
1290 3023 1392 3100 omnis
1406 3037 1521 3099 natura
1535 3033 1570 3097 in
1585 3033 1707 3099 coelum
1721 3038 1755 3098 et
1768 3036 1888 3098 terram

292 3147 393 3214 divisa
415 3149 468 3226 sit,
489 3149 662 3214 secundum
684 3149 849 3235 antiquam
869 3148 953 3216 hanc
981 3150 1168 3216 divisionem
1196 3149 1229 3214 in
1257 3147 1335 3214 duas
1364 3147 1599 3214 distribuuntur
1619 3152 1738 3234 partes.
1779 3145 1888 3212 liltiam

292 3263 445 3329 eiusmodi
466 3263 698 3329 distributionis
720 3265 893 3331 auctoritas
914 3270 962 3331 est
981 3266 1069 3332 nulla
1089 3267 1124 3331 in
1144 3264 1306 3332 vocabulis
1326 3263 1484 3350 lingendis
1499 3267 1533 3329 et
1545 3261 1751 3329 declinandis.
1771 3261 1887 3328 Itidem

288 3381 395 3446 estin
416 3378 545 3465 reliquis
569 3401 647 3464 quas
669 3379 774 3447 Varro
794 3380 936 3447 instituit
956 3381 1182 3447 vocabulorum
1203 3379 1439 3465 partitionibus.
1481 3375 1566 3454 Quas
1589 3399 1697 3444 omnes
1718 3382 1888 3464 propterea

295 3495 419 3578 quidem
449 3495 533 3581 quod
561 3495 595 3560 in
623 3496 818 3582 etymologia
846 3496 964 3562 nullius
985 3496 1050 3562 iere
1070 3495 1224 3562 momenti
1245 3499 1333 3574 sunt,
1357 3514 1458 3579 neque
1478 3497 1625 3559 accurate
1643 3515 1745 3578 neque
1767 3492 1889 3579 ubique

294 3609 429 3675 retinere
449 3611 557 3696 potuit
577 3615 624 3689 et,
645 3611 813 3678 verborum
833 3613 1024 3698 cognatione
1052 3611 1148 3677 aliam
1176 3610 1264 3695 sequi
1284 3611 1370 3675 viam
1393 3604 1539 3688 'coactum
1567 3609 1671 3674 minus
1698 3608 1889 3677 observavit.

291 3721 369 3790 Ideo
398 3725 495 3792 etiarn
522 3725 654 3792 libroV
679 3726 718 3790 12
740 3749 772 3812 p.
792 3727 848 3805 24,
880 3748 943 3813 qua
972 3728 1122 3816 cognatio
1150 3723 1217 3792 eius
1246 3723 1416 3809 (eiusmodi
1443 3723 1573 3810 Spano.)
1602 3725 1664 3790 erit
1690 3723 1780 3790 serbi
1808 3745 1889 3810 quae
1952 3788 1957 3798 ,

291 3841 412 3907 radices
434 3841 538 3928 egerit
559 3845 649 3907 extra
669 3841 749 3908 fines
770 3863 852 3920 suas,
874 3863 908 3908 se
927 3846 1164 3928 persecuturum
1186 3841 1278 3920 dicit,
1307 3841 1393 3926 qnod
1420 3861 1514 3926 saepe
1542 3839 1583 3905 sd
1610 3841 1745 3907 limitem
1768 3839 1890 3905 arboris

292 3955 414 4022 radices
434 3956 591 4022 subvicini
612 3957 790 4042 prodierint
810 3962 932 4044 segetes
954 3962 1050 4043 atque
1070 3957 1172 4024 multa
1193 3957 1235 4022 sit
1255 3955 1389 4022 societas
1410 3955 1586 4034 verborum,
1606 3975 1667 4021 nec
1688 3954 1807 4020 rinaba
1822 3956 1890 4019 sine
1976 3947 1979 3952 ’

296 4069 370 4133 rino
397 4071 539 4156 expediri
565 4093 625 4138 nec
655 4073 743 4140 curia
772 4073 900 4140 calabra
929 4073 997 4140 sins
1025 4073 1183 4140 1111111111
1210 4071 1311 4158 possit
1339 4071 1465 4156 aperiri.
1507 4069 1605 4138 Initio
1634 4069 1709 4136 libri
1736 4069 1835 4147 serti,
1862 4068 1890 4132 si

296 4203 359 4266 qua
392 4190 486 4251 erunt
515 4208 556 4252 ex
583 4187 708 4254 diverso
736 4209 852 4274 genere
881 4188 1049 4268 adiuncta,
1082 4189 1188 4275 potius
1219 4187 1404 4273 cognationi
1432 4187 1601 4253 verborum
1626 4203 1724 4271 quam
1747 4184 1891 4251 auditori

293 4296 503 4366 calumnianti
523 4323 556 4368 se
576 4325 698 4370 morem
712 4307 875 4388 gesturum
888 4303 1067 4389 profitetur,
1090 4303 1178 4370 cuius
1193 4304 1241 4370 rei
1256 4307 1399 4370 auctores
1414 4303 1491 4368 satis
1503 4321 1619 4387 gram
1633 4299 1890 4386 Chrysippum¹⁹l

320 4462 362 4538 ¹⁸)
384 4459 427 4524 Cf.
449 4457 650 4548 Spcupclism
663 4463 757 4530 sebar
777 4462 807 4529 d.
818 4463 906 4528 Krec.
931 4461 989 4528 der
1012 4461 1263 4531 VomBuccbcr
1283 4460 1322 4527 dc
1342 4461 1362 4528 l.
1384 4461 1405 4528 1.
1428 4483 1459 4542 p.
1481 4468 1559 4526 470:
1581 4466 1662 4541 ,Mau
1677 4479 1755 4524 muas
1776 4461 1819 4523 oft
1838 4461 1891 4522 das

385 4554 586 4619 verkabrteste
609 4560 759 4636 ersinueu,
781 4575 829 4618 nm
850 4575 885 4618 an
904 4557 1011 4634 finden,
1032 4575 1091 4619 uas
1112 4557 1555 4634 1111111111111111111111111.ι
1577 4591 1618 4604 -
1641 4551 1778 4620 01111111
1799 4549 1892 4616 usbar

383 4643 601 4727 Aussprocbc,
629 4644 830 4712 Voualismcs
849 4645 917 4712 und
936 4645 1105 4732 Betouuup
1126 4644 1157 4711 d.
1178 4644 1198 4711 l.
1221 4644 1296 4727 Spr.
1317 4649 1330 4708 l
1352 4667 1381 4725 p.
1406 4651 1480 4709 106:
1500 4649 1607 4723 ,Weun
1629 4648 1723 4708 Varro
1744 4647 1825 4706 olera
1845 4643 1893 4704 111

383 4737 493 4816 holera,
514 4746 580 4800 asta
601 4737 744 4800 11111111
765 4741 903 4818 schreibt,
925 4758 958 4802 sc
981 4741 1048 4802 that
1068 4758 1101 4803 ar
1116 4741 1169 4801 das
1190 4741 1288 4804 cainan
1308 4740 1698 4816 serkebrteniltynrclogien
1718 4737 1891 4799 anrbiebe!

319 4830 359 4906 ²⁹)
380 4829 561 4908 Chrysippus
573 4831 700 4892 Solensis
721 4839 773 4892 ant
784 4831 936 4893 Tarsensis
950 4833 1055 4909 111111,
1078 4834 1165 4894 animi
1186 4831 1464 4908 dotibuspraeclare
1484 4833 1652 4907 1111111111,
1674 4832 1751 4892 inter
1763 4830 1891 4905 reliquos

1721 4942 1739 4996 3
