4684 5792
1160 779 1359 876 mmm

462 999 501 1043 ea
520 999 602 1062 quae
623 977 743 1044 sintin
763 975 990 1043 consuetudine
1010 974 1094 1062 opud
1115 979 1227 1061 poetes
1248 974 1294 1060 (V
1316 976 1358 1060 1).
1399 973 1479 1043 cum
1507 995 1582 1040 vero
1603 974 1847 1061 uniuscuiusque
1867 974 1956 1042 verbi
1976 973 2054 1040 dues

462 1095 594 1158 neturus
620 1091 813 1179 distinguet,
842 1113 861 1155 e
887 1113 950 1176 qua
970 1114 1005 1158 re
1027 1097 1060 1158 et
1080 1091 1115 1158 in
1135 1113 1198 1178 que
1220 1113 1255 1156 re
1275 1091 1463 1160 vocabulum
1484 1090 1527 1156 sit
1548 1089 1747 1175 impositum:
1769 1089 1808 1156 de
1829 1090 2054 1176 prioreparte,

462 1207 519 1273 ubi
539 1229 594 1274 cur
613 1212 647 1273 et
666 1207 751 1274 unde
772 1207 838 1273 sint
857 1207 955 1273 verbe
975 1211 1168 1288 scrutantur,
1189 1227 1286 1292 qucm
1306 1204 1420 1273 Graeci
1440 1208 1660 1290 tropoloylm
1681 1209 1806 1285 vocent.
1828 1209 1863 1272 et
1884 1205 1923 1272 de
1945 1205 2054 1284 altera,

462 1322 514 1388 eui
538 1325 612 1408 rupi
640 1327 709 1390 soie
730 1327 981 1405 σημαινομένων
1002 1323 1088 1408 apud
1108 1321 1246 1390 Graecos
1266 1342 1398 1401 nomen,
1426 1321 1602 1408 promiscue
1623 1321 1766 1390 dicturus
1787 1325 1845 1401 est,
1867 1321 1923 1388 sed
1943 1320 2057 1388 exilius

461 1436 502 1503 de
523 1439 702 1525 posteriore.
718 1437 762 1522 (V
781 1439 824 1518 2).
867 1438 995 1505 Leviter
1016 1443 1073 1505 aut
1093 1437 1198 1504 obiter
1224 1459 1258 1504 se
1282 1459 1351 1504 rem
1371 1437 1613 1523 perstricturum
1634 1441 1732 1524 etque
1755 1436 1914 1504 obiectum
1934 1436 2057 1504 obsole-

462 1557 594 1640 tumque
620 1554 760 1642 aliquid,
792 1556 878 1641 qnod
906 1554 1065 1622 communi
1092 1552 1230 1639 quodem
1259 1551 1294 1616 in
1314 1569 1374 1618 nen
1395 1555 1495 1638 utque
1512 1551 1732 1618 inhominem
1753 1572 1841 1618 more
1861 1556 1895 1618 et
1914 1573 2057 1620 sermone

463 1673 620 1750 remen,
649 1670 831 1736 oblaturum
859 1675 975 1758 neget3
1005 1673 1153 1736 accurate
1180 1667 1333 1734 materiae
1353 1667 1561 1754 indagatione
1582 1672 1618 1734 et
1636 1667 1855 1754 exploratione
1876 1689 1909 1734 se
1929 1685 2059 1734 usurum

460 1785 645 1871 pollicetur,
673 1787 722 1852 ita
748 1790 787 1852 ut
813 1789 955 1872 praestet
982 1784 1068 1870 quod
1087 1782 1271 1868 longissime
1291 1781 1334 1848 sit
1354 1781 1396 1847 ab
1417 1782 1636 1868 imperitorum
1656 1781 1871 1869 intelligentia
1904 1805 2058 1870 sensuque

463 1899 664 1968 didmctnm.
708 1901 866 1979 Quattuor
886 1901 971 1967 enim
991 1901 1107 1967 seruit
1133 1899 1303 1964 uerborum
1330 1896 1471 1982 origines
1500 1897 1693 1984 explanandi
1720 1897 1839 1984 gradus
1867 1898 1899 1963 V
1920 1898 1939 1964 7
1964 1920 1995 1984 p.
2018 1899 2057 1965 18

463 2035 532 2100 sqq.
575 2015 716 2093 Quorum
743 2016 870 2082 iniimus
894 2015 927 2080 ei
951 2019 1000 2081 est
1028 2015 1140 2099 isquo
1161 2013 1260 2080 etiam
1286 2013 1422 2097 populus
1450 2013 1555 2091 venit3
1582 2011 1740 2082 secundus
1763 2035 1828 2100 quo
1848 2013 2057 2100 grammatice

461 2130 605 2198 escendit
632 2134 765 2216 antique
792 2130 1023 2210 Romanorum,
1052 2150 1135 2216 quse
1162 2126 1303 2196 ostendit
1331 2127 1595 2212 quemadmodum
1622 2129 1769 2215 quodque
1807 2134 1903 2216 poete
1930 2129 2057 2196 tinxerit

463 2246 612 2328 verbnm,
641 2246 844 2326 confinxerit,
874 2246 1058 2322 declineritt
1086 2243 1199 2310 tertius
1229 2263 1292 2327 qno
1318 2241 1520 2329 philosophia
1547 2244 1718 2314 ascendens
1738 2245 1884 2332 pervenit
1903 2251 1999 2330 etque
2019 2265 2057 2310 ee

463 2383 546 2447 quae
569 2360 604 2426 in
632 2362 859 2428 consuetudine
886 2361 1046 2458 communi
1066 2365 1171 2427 ement
1190 2361 1314 2446 aperire
1334 2358 1457 2444 coepit3
1478 2363 1610 2446 quartus
1631 2360 1687 2428 ubi
1710 2365 1758 2426 est
1779 2360 1884 2426 editus
1905 2361 1946 2426 ed
1966 2361 2059 2426 initis

463 2499 569 2544 rerum
579 2481 633 2555 ¹⁴).
653 2497 655 2504 ’
676 2477 841 2544 Summum
861 2475 997 2562 gradum
1018 2477 1178 2562 attingere
1202 2495 1269 2540 esse
1290 2473 1512 2542 difficillimum
1535 2474 1637 2542 Varro
1657 2477 1727 2561 ipse
1746 2475 1923 2553 intellexit;
1942 2476 2059 2562 itaque,

463 2594 492 2659 si
512 2615 550 2660 eo
571 2615 636 2660 non
649 2593 826 2680 perveniet,
847 2591 1013 2658 scientium
1027 2591 1069 2656 ed
1082 2587 1264 2677 opinionem
1282 2590 1432 2675 aucupari
1445 2589 1525 2670 vult,
1545 2591 1631 2676 qnod
1653 2591 1751 2658 etiem
1771 2591 1806 2658 in
1828 2591 1929 2656 salute
1949 2595 2059 2658 nostre

462 2728 692 2793 nonnunquam
729 2707 828 2774 ieciut
862 2728 933 2774 cnm
968 2711 1169 2792 aegrotamus
1197 2706 1344 2774 medicus
1395 2705 1516 2774 'lemen
1552 2706 1725 2774 seeundum
1752 2730 1786 2774 se
1814 2709 2060 2794 praeteriturum

463 2845 647 2910 persuasum
667 2822 775 2903 habet
796 2823 880 2908 quod
900 2843 966 2888 non
986 2821 1089 2888 solnm
1110 2821 1387 2908 edllristophenis
1406 2823 1609 2908 grammatici
1629 2823 1803 2909 Byzantini
1823 2823 1986 2892 lucernam
2006 2823 2060 2890 sed

462 2937 561 3004 etium
583 2938 624 3006 ad
644 2936 863 3004 Cleanthis
875 2940 920 3018 ¹⁵)
942 2937 1034 3003 stoici
1050 2936 1274 3004 lucubraverit.
1315 2936 1484 3004 Praetereo
1495 2937 1633 3006 Vennoni
1653 2961 1720 3006 non
1739 2939 1909 3006 videhetnr
1929 2959 2060 3006 eonsen-

461 3058 603 3134 runcum,
625 3075 777 3140 queerere
798 3075 832 3118 sc
852 3055 887 3118 in
908 3053 953 3118 eis
974 3052 1079 3118 verbis
1100 3073 1181 3137 qnae
1195 3051 1339 3118 {innisum
1358 3057 1454 3139 poeta
1474 3054 1594 3120 letinns
1615 3075 1766 3134 caueam,
1787 3056 1957 3141 neglegere
1980 3075 2060 3140 quee

463 3171 540 3235 ente
566 3190 623 3234 rex
644 3167 778 3235 Latinus
805 3169 959 3239 finxisset.
1001 3167 1106 3255 Igitur
1133 3169 1285 3254 quonium
1312 3168 1347 3233 in
1368 3167 1447 3235 haec
1471 3169 1538 3234 sint
1556 3168 1721 3254 tripertita
1741 3170 1848 3250 verba,
1878 3175 1934 3236 eut
1958 3169 2061 3236 latine

463 3284 635 3350 antuliene
657 3287 715 3349 eut
734 3283 861 3364 oblivia,
883 3283 923 3349 de
938 3283 1048 3350 latinis
1059 3283 1200 3350 dicturus
1221 3285 1278 3362 est,
1301 3303 1357 3350 eur
1377 3283 1451 3362 sint,
1473 3283 1513 3348 de
1535 3283 1657 3362 olienis,
1678 3284 1762 3350 unde
1779 3285 1853 3358 sint
1875 3285 1914 3350 de
1936 3283 2061 3350 obliviis

462 3419 497 3464 se
516 3398 703 3466 relicturum
723 3399 811 3466 dicit.

494 3654 535 3730 ι4)
554 3653 601 3712 Ex
627 3654 794 3713 coniectura
814 3652 868 3715 0d.
890 3653 1024 3714 Muelleri
1046 3655 1088 3712 itu
1115 3653 1228 3728 scripsi.
1250 3653 1280 3714 ct
1299 3649 1398 3714 initio
1423 3651 1512 3735 repit
1532 3653 1575 3715 ll.
1597 3671 1684 3730 quam
1704 3657 1868 3730 scripturus
1889 3655 2061 3714 vadentem

555 3751 674 3805 tuentur
701 3744 833 3822 Scaliger
860 3753 891 3806 et
911 3746 1038 3820 Popme‚
1068 3744 1117 3804 ille
1135 3743 1233 3804 Plauti
1259 3744 1334 3820 ‚Rex
1355 3760 1434 3821 sum,
1462 3746 1487 3806 si
1508 3762 1563 3822 ego
1583 3746 1663 3807 illum
1685 3747 1771 3808 hodie
1793 3747 1936 3807 hominem
1957 3745 1995 3805 ad
2016 3761 2062 3808 me

555 3838 693 3898 ellsxero‘
721 3838 770 3898 hie
795 3839 901 3899 Horati
942 3854 1005 3914 ,rex
1034 3837 1092 3898 eris
1121 3836 1202 3896 aium
1229 3838 1253 3896 si
1282 3841 1363 3897 recte
1391 3834 1491 3898 iacies‘
1521 3847 1688 3914 monentes;
1715 3832 1884 3900 adtritio
1911 3835 1961 3899 ret'
1989 3837 2061 3897 coni.

556 3929 750 4006 Augustinus3
771 3932 802 3991 et
820 3925 919 3993 totio
940 3945 1049 3992 rerum
1069 3927 1255 4000 Vertrenins;
1277 3927 1314 3990 ci.
1335 3927 1471 4005 Spengeli
1494 3927 1539 3991 ed.
1561 3947 1592 4004 p.
1613 3932 1663 3992 20.

441 4099 443 4106 Α
494 4021 536 4098 ¹⁵)
558 4019 713 4082 Cleanthes
724 4021 827 4081 Assius
847 4021 877 4080 in
898 4037 1046 4080 nnmemm
1067 4019 1290 4079 clarissimomm
1300 4019 1424 4080 Zenonis
1445 4021 1531 4081 stoici
1547 4021 1752 4096 discipulorum
1773 4019 1930 4080 ascribitur
1946 4021 2064 4096 eiusque

556 4114 756 4174 successorio
779 4112 880 4172 schola
898 4111 1004 4176 extitit.
1035 4111 1065 4170 ls
1076 4111 1170 4186 primo
1191 4111 1271 4187 pugil
1291 4109 1347 4171 tuit
1367 4119 1407 4188 et,
1429 4128 1494 4171 cnm
1505 4112 1769 4188 Athenssveniret
1791 4117 1930 4188 quattuor
1951 4119 2063 4172 tanturn

556 4203 709 4265 drachmas
729 4205 759 4264 iu
781 4203 865 4264 honis
885 4203 997 4265 habuit.
1030 4201 1208 4276 Paupertate
1218 4210 1337 4264 coactus
1357 4209 1446 4264 noctu
1467 4204 1610 4264 intortis
1632 4203 1808 4265 hauriendae
1829 4221 1923 4280 nqueo
1944 4220 2063 4279 operam

556 4296 673 4357 locabat
701 4296 747 4356 vel
775 4293 885 4356 terinos
913 4295 1064 4372 pinsetur,
1100 4299 1134 4354 nt
1169 4295 1296 4355 interdiu
1324 4295 1526 4371 philosophiae
1553 4303 1654 4370 posset
1682 4311 1796 4357 vetere.
1847 4295 1930 4356 Licet
1956 4297 2064 4372 ingenii

556 4387 694 4448 tardioris
721 4386 818 4462 inerit,
840 4404 925 4464 qoem
946 4387 1058 4447 asinnm
1078 4387 1268 4462 condiscipuli
1297 4387 1496 4464 appellerent,
1526 4393 1623 4448 tamen
1651 4387 1852 4463 philosophice
1879 4387 1983 4448 studiis
2004 4395 2064 4448 tam

463 4537 465 4544 ,
557 4479 665 4540 oeriter
688 4486 754 4540 eret
781 4477 910 4554 deditus,
939 4485 972 4538 nt
1000 4483 1094 4538 totsm
1114 4478 1237 4539 Zenonis
1265 4477 1446 4555 disciplinam
1473 4478 1732 4554 comprehenderet
1760 4479 2008 4557 (maledicentibus
2031 4497 2064 4541 se

556 4572 669 4632 esinnm
689 4588 755 4632 esse
775 4572 828 4632 sed
849 4573 899 4648 qni
920 4573 999 4632 solus
1009 4571 1132 4632 Zenonis
1151 4571 1294 4632 sueinum
1305 4577 1405 4647 posset
1428 4569 1506 4632 ferre
1527 4571 1692 4649 respondit)
1713 4579 1744 4632 et
1764 4573 1903 4648 magistro
1918 4570 2064 4648 defuncto,

557 4665 607 4738 qni
629 4665 656 4724 ei
676 4664 706 4722 in
728 4663 828 4724 schole
848 4663 1027 4740 succederet,
1049 4663 1153 4740 dignm
1174 4663 1340 4724 haberetur.
1377 4663 1472 4724 Multa
1493 4665 1623 4739 scripsit;
1646 4680 1721 4740 qnae
1742 4665 1837 4723 omnic
1855 4662 2064 4724 intercidemnt

557 4760 677 4830 praeter
696 4755 834 4830 hymnum
849 4772 934 4832 quem
953 4757 984 4815 in
1005 4755 1087 4816 lovis
1101 4757 1240 4817 honorem
1255 4755 1425 4830 composuit.
1457 4753 1500 4817 cf.
1517 4755 1602 4831 Diog.
1618 4754 1718 4817 Lrert.
1733 4755 1787 4814 Vll
1802 4757 1841 4814 36
1852 4771 1914 4832 sqq.
1943 4750 2064 4818 itineri

556 4841 734 4910 etPrellen'
755 4841 830 4910 hist.
846 4843 966 4926 philos.
988 4846 1377 4924 temperiemque
1395 4847 1433 4908 ed
1445 4845 1614 4910 Cleanthem
1625 4849 1771 4922 portinent
1781 4847 1910 4908 indicum
1922 4847 2063 4924 reperies.
