4684 5792
996 811 1196 908 AL

287 1010 409 1094 emant,
431 1013 486 1098 qui
507 1011 626 1077 iustam
646 1010 870 1096 grammatices
891 1011 1047 1076 rationem
1068 1012 1148 1077 adeo
1169 1012 1385 1098 ignorassent,
1416 1017 1454 1078 ιιι
1480 1013 1559 1080 haec
1587 1013 1755 1099 disciplina
1784 1018 1901 1084 libera-

293 1131 415 1197 lissima
435 1128 679 1214 sophisticarum
701 1126 1041 1212 disputatiuncularum
1062 1149 1159 1193 arena
1178 1127 1285 1212 potius
1306 1150 1401 1212 qnam
1422 1130 1585 1220 doctrinae
1604 1135 1699 1216 atque
1722 1133 1901 1200 litterarum

294 1247 406 1312 ludina
441 1241 611 1312 rideretur.
662 1245 708 1310 At
735 1263 838 1330 nugas
865 1244 937 1310 illas
965 1246 1229 1331 quisqmliasque,
1264 1246 1292 1311 si
1319 1247 1424 1311 venia⁴
1445 1247 1556 1326 verbo,
1590 1251 1713 1334 copiose
1746 1271 1901 1336 exponere

295 1364 418 1450 placuit
437 1361 586 1442 Varroni,
618 1383 682 1447 qua
703 1363 737 1426 in
758 1382 794 1426 re
818 1361 885 1428 eius
906 1360 1048 1426 sollertia
1076 1361 1260 1446 ingeniique
1287 1362 1448 1428 subtilitas
1477 1365 1634 1449 quaedem
1664 1366 1824 1432 laudanda
1853 1373 1902 1432 est

294 1483 474 1566 propterea,
495 1479 580 1563 quod
600 1479 825 1565 grammaticos
846 1481 1050 1562 utrarumque
1070 1477 1211 1562 partium
1231 1498 1336 1543 secum
1355 1501 1498 1566 pugnare
1519 1481 1635 1549 docuit.

395 1596 650 1682 Argumentandi
671 1596 828 1662 rationem
849 1617 912 1680 qua
936 1616 1005 1660 rem
1025 1615 1114 1659 suam
1142 1595 1330 1676 tuebantur,
1357 1596 1435 1664 haec
1462 1598 1601 1682 probant
1621 1601 1901 1685 grammaticorum

290 1718 409 1782 ⁴contra
440 1714 620 1780 nniversam
648 1712 829 1798 analogiam
858 1711 1089 1797 disputantium
1117 1712 1203 1778 dicta
1230 1735 1250 1778 a
1278 1712 1422 1780 Varrone
1447 1715 1529 1782 libro
1549 1714 1630 1780 VIII
1657 1717 1797 1802 prolata:
1824 1715 1902 1782 (lum
2004 1799 2007 1806 ἱ

290 1830 447 1896 ‘utilitatis
464 1851 582 1910 caussa,
605 1830 656 1896 cui
677 1829 816 1896 sufficiat
837 1830 904 1896 sola
926 1828 1128 1908 consuetudo,
1149 1830 1184 1894 in
1205 1831 1317 1896 ceteris
1334 1831 1479 1896 omuibus
1500 1832 1593 1898 rebus
1613 1832 1792 1900 dominetur
1811 1832 1901 1896 inae-

297 1947 477 2032 quabilitas,
498 1948 534 2012 in
556 1969 699 2013 sermone
723 1967 856 2031 quoque,
878 1947 933 2030 qui
947 1950 996 2011 est
1009 1967 1082 2010 usus
1097 1967 1206 2011 caussa
1220 1947 1419 2028 constitutus,
1442 1970 1480 2014 ea
1500 1971 1565 2015 non
1578 1949 1774 2035 repudianda
1791 1954 1848 2014 est.
1861 1985 1901 1998 —

296 2066 414 2144 Quodsi
435 2069 469 2130 et
490 2065 651 2152 elegantia
671 2064 705 2128 in
726 2085 785 2129 usu
806 2062 984 2148 expetenda
1006 2067 1069 2141 est,
1092 2084 1173 2148 quae
1195 2084 1235 2128 ex
1257 2063 1512 2130 dissimilitudine
1532 2067 1603 2152 plus
1623 2067 1793 2152 voluptatis
1804 2086 1901 2150 quam

296 2207 335 2252 ex
356 2182 564 2250 similitudine
586 2183 708 2266 capiat:
731 2184 788 2246 aut
808 2179 999 2266 negandum,
1021 2179 1113 2262 nobis
1134 2179 1273 2264 disparia
1287 2203 1354 2246 esse
1367 2181 1512 2261 iucunda
1536 2187 1592 2249 aut
1605 2185 1755 2268 qnoniam
1775 2203 1901 2250 necesse

295 2305 344 2366 est
365 2299 518 2378 confiteri,
540 2297 715 2379 dicendum,
737 2299 905 2366 verborum
925 2297 1230 2375 dissimilitudinem,
1257 2319 1338 2382 quae
1367 2298 1462 2364 sitin
1484 2301 1727 2380 consuetudine,
1748 2323 1814 2366 non
1835 2321 1901 2366 esse

296 2416 471 2482 vitandam
488 2450 528 2464 —
545 2415 664 2492 Quodsi
679 2415 828 2501 analogia
842 2414 1039 2481 observanda
1052 2436 1132 2498 quae
1146 2418 1195 2479 est
1215 2416 1250 2478 in
1271 2417 1504 2496 consuetudine,
1526 2419 1703 2503 praeceptis
1724 2416 1806 2482 nihil
1823 2432 1901 2500 opus

297 2538 360 2611 est3
376 2525 410 2599 si
430 2555 511 2618 quaa
542 2554 607 2598 non
636 2536 685 2598 est
704 2533 740 2600 iu
768 2529 1008 2609 consuetudine,
1034 2531 1062 2595 is
1089 2531 1144 2614 qui
1171 2535 1290 2609 seruet,
1319 2553 1376 2616 pro
1405 2533 1517 2600 insano
1545 2535 1587 2600 sit
1617 2533 1900 2620 reprehendendus.

295 2649 371 2716 Nou
393 2673 470 2737 ergo
493 2655 540 2716 est
560 2650 729 2735 sequenda.
752 2685 791 2700 -·
812 2649 890 2714 Corn
911 2652 946 2713 et
967 2669 986 2712 a
1007 2647 1160 2713 similibus
1181 2647 1245 2712 alia
1264 2647 1345 2713 liant
1365 2649 1496 2730 similia,
1519 2651 1583 2717 alia
1604 2651 1781 2730 dissimilia,
1805 2657 1839 2718 et
1859 2653 1900 2718 ab

296 2767 502 2833 dissimilibus
512 2748 642 2853 =partim
655 2767 772 2832 similia
784 2767 904 2851 partim
922 2765 1094 2844 dissimilia,
1117 2766 1300 2850 analogiam
1319 2787 1385 2832 nou
1400 2789 1466 2835 esse
1481 2767 1515 2834 in
1530 2789 1674 2836 sermone
1686 2769 1848 2854 probatur.
1860 2803 1900 2820 -

288 2883 457 2970 ‚Analogia
479 2906 551 2951 aum
571 2904 637 2950 non
658 2885 693 2948 in
714 2883 860 2950 omnibus
881 2882 1035 2948 orationis
1056 2883 1201 2967 partibus
1229 2884 1284 2960 sit,
1313 2884 1348 2949 in
1377 2884 1486 2967 aliqua
1514 2906 1581 2952 esse
1606 2905 1719 2970 parum
1752 2887 1809 2962 sit,
1837 2906 1903 2954 uon

242 3015 245 3020 “
295 3025 362 3068 esse
383 3003 566 3088 analogiam
585 3001 794 3088 intellegitur.
817 3003 863 3048 -'
878 2999 1042 3066 Postremo
1064 2999 1212 3094 cumqui
1232 2999 1397 3085 analogias
1419 3022 1485 3066 esse
1507 3000 1626 3079 dicunt,
1649 3005 1683 3067 et
1703 3002 1737 3066 in
1755 3023 1818 3086 quo
1832 3003 1902 3070 loco

295 3119 469 3188 similitudo
490 3119 606 3186 debeat
633 3140 701 3185 esse
731 3122 764 3188 et
792 3117 1055 3204 quemadmodum
1076 3117 1212 3201 spectari
1239 3117 1358 3196 soleat,
1388 3117 1490 3184 simile
1517 3117 1561 3182 sit
1587 3137 1701 3196 neone,
1732 3118 1899 3203 ignorant:

294 3237 453 3322 seqnitur,
475 3240 526 3318 nt,
549 3259 621 3302 oum
642 3237 826 3322 analogiam
846 3236 949 3304 dicere
968 3257 1034 3300 non
1055 3235 1194 3320 possint,
1215 3235 1304 3318 aequi
1324 3256 1390 3300 uon
1410 3235 1593 3303 debeamus.

393 3351 483 3419 Haec
502 3353 570 3418 lere
591 3357 781 3438 argumenta
802 3358 914 3420 contra
944 3353 1123 3417 universam
1152 3353 1334 3438 analogiam
1361 3352 1459 3438 uulgo
1487 3351 1622 3439 proferri
1642 3351 1746 3418 Varro
1774 3352 1900 3418 uberius

293 3463 491 3556 persecutus,
519 3493 601 3555 quae
629 3471 777 3554 deinceps
805 3471 916 3536 contra
948 3469 1132 3554 analogiam
1167 3473 1323 3552 quantum
1360 3469 1401 3534 ad
1436 3468 1578 3554 singulas
1607 3467 1761 3535 orationis
1794 3469 1901 3552 partes

287 3589 459 3668 dicantur,
496 3587 592 3653 simill
622 3587 717 3652 modo
750 3591 784 3652 et
814 3586 991 3672 composuit
1020 3589 1055 3651 et
1090 3586 1234 3671 pluribus
1267 3585 1426 3671 explicuit
1480 3584 1568 3661 Quae
1601 3585 1729 3671 singula
1761 3585 1901 3652 brevitet

295 3727 478 3772 enumerare
499 3706 630 3783 omitto,
656 3725 728 3770 cum
749 3725 787 3769 ea
808 3725 889 3789 quae
911 3703 950 3769 de
971 3703 1120 3772 universa
1139 3703 1290 3789 analogia
1318 3703 1414 3770 attuli
1442 3702 1522 3772 mihi
1551 3703 1695 3771 sufficere
1722 3701 1900 3781 videantur,

293 3820 409 3906 quibus
432 3843 512 3907 quae
542 3819 823 3908 grammaticorum
851 3821 936 3887 illius
965 3821 1081 3886 astatis
1113 3821 1406 3905 disputandiratio
1433 3819 1533 3888 ιιιιιι
1559 3820 1655 3905 plane
1682 3822 1901 3904 cognoscatur.

293 3939 581 4026 Argumentations
609 3939 686 4005 iero
720 3939 783 4004 ista
818 3945 878 4005 eos'
906 3937 1093 4024 discipliuae
1128 3959 1224 4022 quam
1251 3938 1486 4022 profitebantur
1512 3938 1600 4024 leges
1625 3937 1765 4021 finesque
1789 3955 1902 4021 parum

290 4059 425 4144 cognita
454 4055 603 4122 habuisse
630 4059 773 4141 apparet.
816 4055 1044 4122 Grammaticos
1075 4055 1160 4121 enim
1187 4059 1236 4121 est
1264 4076 1464 4122 murmurem
1490 4055 1641 4140 loquendi
1670 4071 1762 4122 usum
1791 4053 1902 4139 populi

289 4175 350 4260 qui
364 4174 415 4240 vel
430 4178 479 4239 ast
492 4173 544 4239 val
556 4173 620 4240 fuit
632 4159 830 4240 considerare
846 4177 879 4238 et
892 4173 1041 4259 amplecti
1057 4173 1185 4258 eiusque
1205 4172 1370 4257 explorare
1393 4175 1427 4242 ιι
1440 4193 1626 4258 componere
1639 4172 1735 4258 loges.
1766 4169 1902 4240 Verum-

294 4295 403 4356 tamen
424 4291 473 4355 illi
493 4289 637 4358 homines
658 4291 713 4376 qui
740 4291 775 4355 in
802 4291 995 4377 disputando
1024 4291 1064 4356 de
1092 4290 1242 4377 analogia
1267 4294 1325 4356 aut
1353 4289 1512 4358 anomalia
1541 4289 1703 4376 aequanda
1730 4288 1902 4378 plurimum

289 4412 516 4475 consumerent
536 4407 643 4489 studii,
664 4409 760 4496 longo
779 4409 854 4474 inde
868 4408 1057 4474 aberrarunt
1070 4409 1355 4494 grammaticosque
1366 4409 1459 4492 quasi
1473 4407 1682 4476 fundamenta
1695 4406 1901 4476 emesenus.

285 4525 413 4603 Quodsi
434 4526 595 4590 sterilibus
615 4529 838 4593 wutroreraiis
860 4528 925 4593 suis
944 4528 1074 4592 remotis
1095 4525 1260 4611 analogiis
1288 4547 1348 4592 usu
1377 4525 1543 4602 institutos
1570 4525 1604 4589 iu
1632 4524 1774 4611 singulos
1791 4511 1924 4609 ‘digesss

285 4644 409 4710 ·sisssnt
429 4641 556 4712 ordines
576 4647 612 4708 et
633 4643 808 4710 anomaliae
829 4645 976 4711 mulceo
997 4647 1181 4724 notassent,
1209 4643 1323 4729 quibus
1344 4663 1461 4710 nomeu
1482 4641 1663 4712 horninibus
1684 4639 1901 4728 grammaticis

291 4759 488 4826 tribueretur
508 4781 581 4858 rare
602 4761 693 4846 digni
713 4761 857 4828 luissent
890 4761 980 4838 Quas
994 4762 1080 4826 anim
1094 4743 1318 4846 grammatices
1333 4783 1405 4828 cum
1419 4764 1488 4828 arte
1508 4765 1651 4830 sutorum
1671 4759 1724 4826 vel
1744 4762 1901 4828 sartorum

289 4875 345 4940 rol
365 4879 598 4946 scriniariorum
620 4879 794 4964 cognatior
816 4878 851 4944 si
872 4883 905 4944 et
926 4878 1076 4944 utilitatis
1097 4882 1131 4943 et
1153 4877 1333 4962 elegantiae
1361 4899 1472 4948 samse
1499 4883 1536 4946 nt
1556 4880 1590 4948 iu
1612 4881 1730 4946 uestitu
1751 4876 1901 4946 aedificiis

953 4993 954 4998 ’
1732 4997 1750 5047 ι
