4684 5792
1230 788 1271 852 22

557 989 620 1056 Res
643 990 753 1057 eadem
774 996 832 1070 est,
853 991 880 1056 si
900 1012 1003 1075 pauca
1028 1011 1109 1075 quae
1138 995 1287 1057 secuntur
1314 989 1489 1074 veriloquis
1517 988 1613 1074 legis:
1642 988 1743 1069 ‚Gerra
1769 989 1855 1056 dicta
1883 989 1967 1074 quod
1989 1011 2049 1070 cor

453 1111 537 1173 urat‘
565 1104 612 1170 VI
634 1106 674 1171 46
705 1129 735 1190 p.
757 1107 828 1172 244.
850 1143 891 1154 -
913 1105 1017 1188 Loqui
1045 1128 1066 1170 a
1092 1105 1162 1172 loco
1190 1104 1324 1185 dictum,
1355 1104 1439 1190 quod
1464 1105 1520 1190 qui
1545 1106 1647 1190 primo
1675 1105 1792 1172 dicitur
1818 1107 1883 1171 iam
1909 1105 1987 1184 lari,
2016 1110 2048 1170 et

453 1222 610 1288 uocabula
631 1221 807 1306 etreliqua
827 1221 925 1287 uerba
948 1219 1034 1300 dicit,
1056 1226 1132 1289 aute
1153 1244 1249 1307 quam
1277 1243 1332 1287 suo
1354 1222 1492 1307 quidque
1518 1221 1587 1288 loco
1616 1243 1654 1288 ea
1678 1219 1783 1288 dicere
1812 1223 1931 1306 potest,
1962 1220 2048 1288 huuc

453 1337 648 1423 Chrysippus
670 1342 769 1422 negat
790 1337 887 1422 loqui‘
909 1336 956 1402 VI
976 1337 1017 1403 56
1037 1360 1068 1423 p.
1079 1337 1151 1404 232.
1174 1373 1214 1385 -
1236 1337 1358 1416 ‚Hiem
1379 1337 1464 1422 quod
1484 1341 1554 1402 tum
1575 1336 1669 1402 multi
1689 1335 1806 1401 imbres
1819 1386 1826 1402 .
1838 1385 1846 1400 .
1858 1383 1886 1403 ..
1907 1335 1957 1401 rel

455 1453 497 1520 ab
524 1453 616 1520 hiatu
641 1450 750 1520 hiems.
793 1451 930 1538 Tempus
950 1453 1122 1520 secundum
1141 1473 1195 1520 ver
1216 1454 1300 1538 quod
1321 1458 1390 1519 tum
1411 1453 1517 1518 virere
1537 1452 1696 1538 incipiunt
1710 1449 1851 1537 virgulta
1873 1473 1910 1518 ac
1925 1453 2049 1516 vertere

452 1573 577 1654 tempus
597 1568 690 1645 auni;
720 1567 781 1632 nisi
804 1567 888 1653 quod
908 1566 1008 1634 Jonas
1035 1567 1146 1634 dicunt
1174 1559 1217 1650 ἦρ
1245 1567 1340 1652 (coni.
1365 1567 1519 1653 Speugsl;
1547 1570 1608 1654 ἔαρ
1629 1565 1804 1642 Victoriam
1833 1570 1862 1632 et
1890 1564 1952 1651 ul.)
1981 1569 2048 1632 ver‘

453 1683 542 1750 vlo
570 1707 602 1768 p.
633 1685 691 1748 191
720 1707 767 1769 sq.
786 1695 830 1732 '-—
859 1681 955 1748 Video
983 1706 1002 1748 a
1030 1683 1062 1748 vi
1090 1683 1185 1766 (coni.
1216 1682 1363 1748 Pacuius
1384 1682 1425 1749 ad
1452 1681 1684 1767 Phrynichum‚
1714 1680 1851 1748 Lobeclr.
1879 1701 1910 1766 p.
1940 1681 1997 1756 71;
2027 1701 2049 1745 c

450 1801 524 1868 oica
551 1799 676 1884 codd);
705 1797 844 1884 quinque
864 1799 949 1864 euim
971 1819 1117 1863 sensuum
1138 1799 1293 1864 maximus
1313 1799 1348 1863 in
1369 1797 1483 1875 oculis;
1504 1819 1580 1862 nam
1600 1819 1673 1864 cum
1695 1818 1804 1862 sensus
1825 1795 1938 1874 nullus,
1961 1795 2049 1881 quod

454 1914 539 1980 absit
558 1914 646 1980 mille
659 1935 778 1999 passus,
801 1913 918 1978 sentire
938 1911 1055 1998 possit,
1078 1912 1239 1980 oculorum
1260 1933 1369 1978 sensus
1390 1912 1437 1978 vis
1458 1933 1556 1996 usque
1577 1911 1785 1998 pervenitad
1813 1910 1920 1976 stellas
1939 1908 1989 1975 VI
2009 1910 2049 1976 80

453 2052 484 2115 p.
511 2029 582 2096 255.
613 2065 650 2078 -
680 2028 792 2094 Fauni
820 2050 839 2092 a
867 2026 966 2094 laudo
985 2027 1078 2105 dicti,
1112 2027 1236 2113 antiqui
1264 2033 1377 2115 poetae
1404 2033 1493 2094 uates
1522 2050 1542 2093 a
1568 2028 1711 2093 versibus
1745 2025 1868 2092 viendis
1897 2024 2050 2112 appellati

454 2145 518 2212 VH
537 2147 578 2212 36
600 2169 630 2232 p.
652 2145 724 2213 323.
747 2177 786 2192 -
810 2143 950 2224 ‚Comus
972 2165 991 2208 a
1020 2165 1151 2212 cursore
1178 2145 1280 2222 dicta,
1311 2143 1396 2229 quod
1416 2143 1567 2230 pleraque
1592 2147 1698 2209 curva‘
1718 2141 1783 2208 VH
1802 2141 1843 2207 25
1863 2165 1894 2229 p.
1915 2142 1987 2207 311.
2009 2175 2048 2190 ·-

452 2261 567 2340 ,Cauca
587 2260 670 2345 quod
692 2260 813 2324 latratu
834 2259 960 2344 signum
982 2259 1070 2338 dant,
1092 2263 1131 2326 ut
1151 2260 1243 2346 sigua
1264 2264 1393 2338 cauum,
1415 2279 1509 2325 canes
1531 2258 1720 2343 appellatae‘
1741 2256 1807 2324 vll
1819 2258 1860 2323 32
1875 2280 1907 2343 p.
1926 2258 1996 2325 320.
2008 2291 2047 2306 —

453 2376 600 2456 ‚Rorurii
621 2375 698 2442 dicti
720 2375 761 2440 ab
789 2395 876 2452 rore,
906 2375 959 2459 qui
987 2374 1105 2440 bellum
1133 2374 1377 2441 committebant
1406 2380 1497 2453 aute,
1525 2373 1597 2440 ideo
1625 2374 1709 2459 quod
1738 2381 1813 2440 aute
1840 2378 1929 2440 rorat
1953 2395 2049 2458 quam

453 2493 546 2581 pluit‘
567 2491 631 2558 VII
652 2492 692 2557 58
712 2514 743 2576 p.
765 2492 837 2555 341.

554 2673 613 2741 Sat
632 2672 740 2739 multis
761 2676 840 2758 puto
866 2695 916 2738 me
938 2673 1138 2739 confirmasse
1160 2672 1326 2758 exemplis,
1353 2675 1510 2759 quatenus
1538 2672 1573 2738 in
1602 2673 1796 2758 explicandis
1823 2671 2049 2738 vocabulorum

454 2789 634 2874 veriloquiis
644 2787 748 2854 Varro
770 2787 872 2854 tribus
892 2787 955 2852 illis
976 2787 1065 2852 libris
1087 2789 1210 2874 saepius
1218 2791 1336 2873 tparum
1349 2794 1434 2856 recte
1449 2789 1607 2858 iudicarit.
1640 2788 1856 2856 Nihilominus
1871 2793 2050 2874 etymorum

452 2928 535 2992 quae
556 2905 680 2990 aperuit
700 2905 839 2967 maxima
859 2925 933 2988 pars
954 2925 1018 2968 non
1039 2906 1087 2969 est
1109 2904 1275 2984 reicienda,
1308 2909 1472 2989 praeterea
1503 2904 1603 2969 multa
1624 2904 1751 2990 singula
1773 2903 1811 2970 de
1832 2925 1866 2969 re
1887 2903 2050 2990 proposita

453 3018 616 3086 commode
639 3018 800 3103 disputata
821 3022 906 3097 sunt,
928 3039 1030 3103 neque
1050 3039 1191 3103 unquam
1211 3040 1249 3084 ea
1270 3041 1351 3105 quae
1373 3019 1507 3105 protulit
1523 3020 1645 3106 ingenii
1665 3024 1833 3086 venustate
1854 3018 1992 3104 quadam
2013 3041 2050 3085 ac

453 3134 559 3221 lepore
579 3138 697 3200 carent
739 3132 831 3200 Licet
851 3134 929 3200 artis
950 3133 1181 3219 etymologicus
1201 3139 1370 3222 praecepta
1391 3157 1456 3201 nou
1477 3137 1556 3201 satis
1577 3138 1742 3220 perspectu
1762 3134 1920 3215 habuerit,
1941 3137 2051 3200 tamen

452 3253 534 3317 mira
555 3250 693 3335 quadarn
715 3249 811 3314 studii
832 3251 1002 3315 seueritate
1023 3271 1061 3316 ac
1081 3249 1249 3336 diligentia
1269 3250 1304 3317 in
1324 3250 1385 3318 hac
1407 3250 1573 3336 disciplina
1602 3254 1635 3315 et
1654 3248 1874 3315 liberalissima
1902 3254 1934 3315 et
1964 3248 2050 3314 diffi-

453 3367 571 3435 cillima
593 3370 736 3432 versatus
758 3369 819 3443 est,
842 3365 897 3451 qui
919 3371 1005 3434 certe
1032 3364 1178 3431 omnibus
1205 3366 1429 3454 grammatices
1455 3366 1576 3432 latinae
1604 3365 1753 3431 studiosis
1782 3366 1952 3452 primarius
1979 3365 2050 3432 fons

454 3503 521 3550 esse
559 3481 684 3548 debeat
743 3481 866 3548 Idcirco
903 3481 997 3546 laude
1033 3486 1066 3547 et
1095 3482 1306 3548 admiratione
1333 3503 1457 3548 summa
1483 3481 1599 3549 meritc
1635 3481 1751 3568 dignus
1779 3481 1904 3547 videtur
1933 3483 2050 3568 potius,

453 3620 557 3684 quam,
581 3598 655 3683 quia
676 3597 710 3662 iu
732 3597 926 3684 etymologia
950 3597 1145 3683 aliquidaut
1165 3597 1345 3684 neqniverit
1366 3602 1423 3664 aut
1444 3597 1588 3668 omiserit
1608 3602 1666 3664 aut
1697 3597 1846 3684 peccarit,
1879 3597 2051 3683 reprehen-

452 3713 576 3780 dendus
597 3716 630 3778 et
651 3711 909 3782 contemnendus.
941 3712 1000 3779 cui
1021 3713 1138 3780 iudicio
1153 3713 1345 3780 assientieris
1367 3737 1404 3780 eo
1425 3713 1595 3792 lubentius,
1617 3736 1689 3781 cnm
1710 3714 2050 3794 animadverteris,

452 3833 575 3912 quanto
597 3849 690 3912 opere
711 3827 746 3892 hi
763 3827 918 3893 Varronis
938 3828 1013 3894 libri
1041 3829 1222 3896 litterarum
1247 3828 1432 3914 disciplinae
1458 3823 1509 3896 cui
1530 3828 1776 3914 antiquitatibus
1805 3830 1944 3895 romanis
1965 3829 2051 3916 apud

453 3965 511 4009 uos
531 3964 647 4010 nornen
668 3947 718 4008 est
737 3943 844 4009 fructu
864 3947 897 4009 et
917 3945 1130 4010 emolumento
1156 3944 1236 4024 sint,
1266 3967 1362 4030 quam
1389 3949 1536 4011 accurate
1561 3944 1601 4010 de
1628 3948 1772 4010 uetustae
1799 3943 1913 4010 Italiae
1942 3967 2052 4031 super·

453 4058 637 4124 stitionibus
664 4057 878 4143 lectorumque
909 4059 1032 4124 dierum
1063 4059 1246 4126 disseruerit
1282 4060 1475 4140 rationibus,
1508 4064 1630 4146 quanta
1659 4058 1836 4126 studiorum
1864 4061 2051 4128 assiduitate

453 4175 641 4242 tractaverit
661 4173 877 4240 Romanorum
897 4197 948 4240 res
967 4175 1110 4260 publicas
1131 4179 1164 4240 et
1186 4175 1233 4242 rei
1243 4176 1391 4242 militaris
1406 4175 1640 4242 institutionem
1652 4180 1685 4241 et
1697 4175 1902 4261 prudentiam
1915 4177 2050 4258 civilem,

453 4294 575 4374 quanta
595 4312 689 4375 porro
717 4290 886 4356 sedulitate
915 4291 949 4356 in
979 4289 1096 4356 fabulis
1124 4293 1328 4378 antiquorum
1355 4295 1521 4377 poetarum
1550 4291 1797 4378 interpretandis
1826 4290 1868 4358 sit
1898 4297 2049 4371 uersatus,

453 4409 612 4491 postremo
634 4426 730 4490 quam
744 4406 838 4471 docte
859 4406 1089 4472 examinaverit
1109 4412 1179 4474 tum
1200 4407 1329 4493 liuguae
1349 4407 1470 4473 latinae
1486 4406 1652 4492 ingenium
1666 4407 1700 4471 in
1715 4406 1877 4474 vocabulis
1891 4406 2048 4492 fingendis

452 4526 523 4588 tum
544 4541 677 4606 graecae
698 4521 931 4607 cognationem
974 4519 1064 4597 Quod
1087 4521 1114 4586 si
1135 4543 1215 4606 quae
1236 4521 1285 4588 his
1306 4522 1395 4587 libris
1415 4526 1578 4608 praestare
1599 4523 1701 4590 uoluit
1720 4521 1834 4604 Varro,
1855 4524 1996 4609 perfecte
2016 4529 2051 4591 et

453 4637 597 4704 absolute
618 4657 683 4701 non
704 4637 831 4702 videtur
857 4637 1071 4722 praestitisse,
1101 4642 1202 4716 certe,
1232 4643 1269 4704 ut
1296 4659 1391 4724 supra
1418 4637 1536 4718 monui,
1565 4660 1646 4723 quae
1673 4639 1835 4726 praestitit
1854 4641 1964 4725 magni
1986 4641 2050 4706 imo

452 4752 584 4818 maximi
604 4752 701 4838 pretii
721 4772 790 4818 esse
810 4755 937 4838 oportet
966 4753 1112 4818 omnibns
1134 4754 1190 4838 qui
1211 4754 1364 4820 sermonis
1389 4754 1483 4820 latini
1502 4754 1589 4841 leges
1611 4760 1644 4821 et
1664 4755 1875 4841 proprietates
1896 4755 2050 4842 indagare

452 4866 593 4936 student.
