4684 5792
1003 767 1200 868 meam

303 967 422 1034 dicitur
443 967 616 1053 separatim
636 969 722 1033 recta
737 966 772 1030 in
785 965 879 1030 rebus
893 966 996 1046 certis,
1018 965 1102 1050 quod
1117 985 1249 1050 puerum
1264 964 1373 1030 nutrix
1388 964 1485 1044 lavat,
1501 986 1580 1050 puer
1594 987 1614 1030 a
1629 966 1751 1033 nutrice
1766 967 1893 1033 lavatur
1902 992 1918 1046 ς·

305 1105 365 1150 nos
387 1084 423 1149 in
443 1081 567 1149 balneis
588 1086 622 1148 et
641 1082 784 1147 lavamus
808 1085 842 1146 et
869 1082 1022 1149 lavamur.
1051 1081 1231 1148 aed....in
1253 1085 1322 1148 toto
1344 1102 1474 1167 corpore
1502 1083 1609 1167 potius
1637 1084 1738 1148 utitur
1759 1083 1918 1163 lavamur,

304 1201 339 1267 in
359 1199 504 1288 partibus
525 1201 688 1265 lavamus!
1694 1201 1695 1206 ’
1802 1289 1804 1294 ,

402 1317 572 1384 Praeterea
599 1317 639 1383 de
667 1339 725 1384 usu
752 1316 902 1401 loquendi
930 1316 1083 1382 nonnulla
1111 1315 1284 1382 rectissime
1311 1317 1522 1382 enuncientur
1543 1337 1563 1380 a
1587 1314 1749 1396 Varrone,
1778 1339 1912 1402 quorum

303 1432 383 1499 baec
403 1433 489 1498 infra
510 1434 601 1518 posui
622 1434 782 1520 exempla:
803 1433 891 1503 Libr.
902 1432 997 1499 VIIII
1013 1434 1032 1498 5
1047 1456 1079 1519 p.
1089 1433 1166 1502 459.
1187 1433 1294 1498 Aliam
1315 1431 1423 1518 populi
1445 1431 1583 1497 universi
1604 1432 1700 1498 aliam
1715 1433 1913 1520 singulorum

304 1553 339 1614 et
359 1551 399 1616 de
418 1550 458 1615 iis
478 1571 543 1616 uon
564 1551 697 1616 eandem
717 1551 853 1617 oratoris
875 1555 907 1617 et
928 1554 1041 1636 poetae
1063 1572 1131 1616 esse
1151 1550 1306 1635 copulam,
1329 1549 1414 1634 quod
1434 1571 1541 1615 eorum
1562 1571 1627 1615 non
1647 1549 1733 1615 idem
1752 1551 1818 1632 ius,
1839 1575 1912 1638 cum

304 1671 418 1752 poetae
438 1667 597 1733 bansilire
619 1667 720 1732 lineas
742 1667 980 1734 consuetudinis
1006 1667 1135 1752 impune
1163 1667 1303 1751 possint:
1332 1665 1366 1731 id
1394 1665 1481 1752 quod
1509 1669 1617 1732 orator
1644 1666 1712 1732 sine
1740 1667 1912 1736 offensione

304 1781 408 1850 facere
429 1806 494 1851 non
514 1785 622 1870 persii.
667 1782 713 1849 of.
735 1785 778 1850 ib.
802 1785 862 1849 115
883 1807 915 1870 p.
934 1783 1008 1852 542.
1029 1819 1069 1830 -
1089 1782 1136 1848 Ib.
1160 1783 1198 1847 17
1219 1804 1251 1868 p.
1272 1783 1344 1848 467.
1387 1781 1654 1849 Consuetudinem
1674 1784 1824 1870 loquendi
1846 1808 1911 1854 esse

304 1901 338 1966 iu
359 1915 465 1979 motu;
487 1901 585 1968 rerba
605 1922 773 1986 perperam
794 1901 880 1968 dicta
902 1900 986 1986 apud
1008 1901 1155 1984 antiquos
1177 1899 1300 1985 aliquos
1320 1905 1452 1986 propter
1472 1905 1584 1986 poetas
1611 1923 1676 1974 non
1703 1902 1796 1969 modo
1828 1925 1912 1972 nuuc

304 2019 472 2102 (Varronis
500 2017 618 2103 aetate)
643 2018 707 2084 dici
725 2022 826 2096 recte,
856 2016 911 2083 sed
932 2018 1032 2084 etiam
1053 2039 1134 2102 quae
1163 2018 1287 2084 ratione
1316 2018 1402 2086 dicta
1430 2018 1496 2083 sint
1523 2022 1607 2097 tum,
1635 2040 1720 2084 nuuc
1745 2041 1913 2106 perperam

304 2136 376 2202 dici.
399 2173 438 2186 -
460 2134 507 2202 Ib.
530 2136 571 2200 20
592 2157 623 2221 p.
638 2135 709 2200 469.
753 2134 844 2211 Quod
866 2156 983 2201 novum
998 2139 1032 2200 et
1046 2135 1170 2200 ratione
1186 2136 1403 2202 introductum
1416 2137 1468 2215 sit,
1489 2135 1656 2220 quominus
1675 2140 1713 2201 ut
1731 2137 1912 2221 recipiatur,

302 2254 399 2319 vitari
419 2275 484 2319 non
507 2253 629 2318 debere
654 2289 692 2299 -
714 2250 762 2317 Ib.
783 2252 824 2316 56
846 2274 877 2337 p.
898 2251 970 2316 496.
1012 2251 1124 2318 Omnis
1144 2252 1297 2318 orationis
1318 2252 1464 2338 quamvis
1478 2274 1529 2318 res
1543 2254 1659 2317 natura
1673 2253 1783 2334 subsit,
1804 2259 1913 2324 tamen

302 2372 332 2435 si
353 2393 391 2438 ee
412 2371 446 2436 iu
468 2392 560 2436 usum
579 2390 646 2435 non
666 2370 861 2454 persensiit,
884 2390 921 2434 eo
941 2390 1006 2434 non
1026 2368 1193 2453 pervenire
1213 2369 1326 2446 verba;
1355 2391 1469 2454 equum
1490 2369 1553 2436 dici
1575 2374 1608 2435 et
1629 2392 1756 2455 equam
1784 2394 1913 2438 corvum

304 2492 339 2554 ct
359 2507 487 2556 corvam
507 2509 582 2553 non.
604 2525 645 2536 -
666 2485 713 2552 Ib.
737 2486 776 2552 77
798 2509 830 2571 p.
852 2487 923 2551 513.
966 2485 1081 2551 (lasum
1107 2507 1175 2550 esse
1202 2489 1286 2565 tam,
1316 2486 1372 2571 qui
1392 2507 1457 2552 uon
1478 2487 1574 2552 tritus
1595 2486 1646 2566 sit,
1668 2506 1764 2571 quam
1784 2487 1840 2572 qui
1860 2489 1911 2558 sit.

404 2603 535 2670 Maioris
557 2608 633 2670 sunt
652 2605 750 2690 pretii
772 2627 810 2671 ac
837 2603 1088 2689 praeclarissima
1116 2623 1198 2687 quae
1225 2577 1308 2667 libro
1330 2601 1360 2667 X
1381 2603 1594 2668 continentes.
1637 2602 1706 2680 Quo
1734 2604 1768 2670 in
1795 2583 1913 2672 iudicio

302 2722 345 2787 ad
355 2743 394 2786 ea
407 2721 606 2806 potissimum
617 2724 735 2807 specto,
756 2721 871 2806 quibus
881 2719 985 2785 Varro
1000 2718 1141 2805 singulas
1155 2719 1403 2786 declinationum
1417 2719 1534 2804 species
1549 2720 1726 2786 accuratius
1737 2721 1911 2810 descripsit,

175 2913 178 2923 ,
302 2837 469 2922 partisque
486 2838 714 2922 grammaticae
735 2837 787 2905 cui
807 2837 979 2904 termarum
999 2838 1163 2903 doctrinae
1183 2857 1268 2902 nunc
1288 2858 1404 2902 nomeu
1427 2833 1476 2900 e'st
1495 2837 1585 2920 quasi
1598 2842 1800 2922 conspectum
1816 2838 1912 2905 dedit.

303 2952 393 3030 Quae
414 2974 478 3020 uon
500 2954 637 3020 etsitam
649 2954 1228 3040 elaborataatqueomnibusnumeris
1242 2953 1482 3032 absolutasuut,
1503 2956 1541 3018 ut
1551 2953 1695 3020 condicio
1715 2975 1796 3039 qnae
1817 2955 1912 3022 hodie

302 3075 351 3138 est
373 3072 598 3158 grammatices
617 3071 740 3138 latinae
759 3072 911 3158 postulat,
933 3076 1042 3138 tamen
1063 3071 1105 3137 ad
1119 3071 1215 3136 finem
1229 3069 1460 3155 quodammodo
1474 3069 1627 3154 perducta
1643 3070 1778 3156 ideoque
1792 3095 1913 3138 summa

302 3189 397 3255 laude
418 3189 534 3254 merito
557 3188 656 3274 digna
677 3193 763 3259 sunt.
805 3188 974 3256 Difficilius
1005 3192 1055 3254 est
1087 3189 1188 3268 eninr,
1217 3190 1335 3252 iustam
1363 3186 1548 3272 discipliuae
1574 3187 1733 3252 rationem
1762 3188 1913 3258 inchoare

302 3326 399 3390 quam
421 3306 503 3371 iuste
525 3304 707 3373 inchoatam
731 3305 995 3393 amplissimisque
1020 3305 1190 3371 multorum
1216 3305 1329 3370 studiis
1354 3308 1481 3371 auctam
1501 3307 1709 3383 constituere;
1738 3311 1912 3391 praeterea,

303 3423 418 3490 itinere
439 3423 620 3508 saepissime
634 3427 764 3508 peracto
780 3423 909 3508 eiusque
924 3421 1167 3490 difficultatibus
1181 3426 1214 3489 et
1229 3422 1465 3508 impedimentis
1479 3421 1608 3487 omniuo
1624 3421 1767 3503 sublatis,
1789 3423 1913 3490 facilius

305 3541 444 3606 iudicare
465 3541 505 3607 de
526 3561 563 3605 co
584 3541 713 3625 poteris,
736 3561 833 3625 quam
852 3539 908 3606 ubi
936 3560 1052 3606 novum
1081 3541 1131 3606 rel
1159 3540 1264 3605 miuus
1293 3539 1458 3626 cognitum
1486 3539 1665 3625 susceperis.
1707 3539 1817 3610 Varro.
1830 3541 1914 3608 libro

304 3657 360 3724 illo
381 3660 507 3745 insuper
527 3658 687 3743 exposuit,
709 3658 785 3742 quid
813 3657 857 3723 sit
883 3657 986 3723 simile
1015 3661 1048 3722 et
1075 3657 1241 3737 dissimile,
1271 3657 1349 3742 quid
1376 3657 1460 3724 ratio
1488 3678 1585 3742 quam
1613 3657 1773 3744 appellent
1801 3655 1913 3743 λόγον,

305 3777 382 3862 quid
403 3776 608 3863 proportione
629 3776 714 3860 quod
734 3775 844 3843 dicuat
865 3771 1047 3859 ἀνάλογον,
1068 3774 1146 3859 quid
1161 3773 1363 3841 consuetudo.
1407 3773 1490 3842 Sunt
1510 3797 1550 3842 ea
1570 3775 1913 3867 egregialassiduitatis

300 3893 489 3978 consiliique
511 3891 665 3960 Varronis
687 3892 893 3990 documenta,
924 3914 1029 3978 neque
1060 3892 1127 3958 ulla
1150 3895 1300 3977 exparte
1327 3913 1456 3979 prorsus
1486 3891 1686 3979 neglegenda
1715 3897 1771 3959 aut
1802 3898 1911 3961 mute·

305 4012 452 4092 mnenda,
474 4010 590 4096 quibus
600 4011 827 4098 grammaticos
842 4033 924 4096 quae
935 4012 978 4076 sit
987 4010 1071 4076 iusta
1084 4011 1226 4096 ipsorum
1247 4009 1505 4077 doctrinaeratio
1527 4010 1639 4077 docere
1660 4010 1805 4077 voluerit
1848 4010 1912 4077 Sed

304 4132 492 4213 argumento
504 4128 658 4194 librorum
669 4129 725 4214 qui
738 4130 825 4214 prior
839 4128 994 4194 secundae
1007 4126 1141 4194 heredis
1154 4148 1228 4212 pars
1242 4130 1335 4193 erant
1350 4129 1427 4193 satis
1443 4127 1614 4207 declarato,
1635 4149 1721 4196 nuuc
1736 4128 1913 4195 accuratius

304 4243 465 4330 inquirere
485 4246 521 4310 iu
541 4267 580 4310 ea
600 4246 833 4332 praetermitto.

791 4446 864 4531 De
893 4444 1039 4530 libris
1071 4445 1143 4530 XI
1173 4444 1268 4532 x11
1298 4443 1430 4531 xm.

402 4606 525 4688 Varro,
547 4613 585 4674 ut
605 4608 705 4693 ipsius
727 4607 831 4673 verbis
841 4606 922 4673 VIII
936 4609 978 4672 24
992 4630 1023 4694 p.
1044 4607 1107 4672 409
1121 4611 1203 4688 utar,
1224 4605 1283 4672 hos
1297 4607 1395 4674 libros
1410 4628 1449 4672 ex
1467 4606 1714 4674 declinationum
1728 4605 1912 4693 disciplinae

302 4727 534 4812 propaginibus
558 4725 644 4795 lecit.
686 4725 731 4790 Hi
750 4725 826 4791 libri
847 4726 948 4812 igItur
967 4724 1124 4811 prioribus
1146 4724 1248 4791 tribus
1270 4725 1365 4792 simili
1389 4725 1484 4791 modo
1505 4723 1755 4809 respondebant,
1781 4727 1819 4788 ut
1837 4723 1913 4790 libri
1971 4773 1974 4778 .

301 4840 438 4910 V-VII
453 4845 544 4936 libris
559 4841 682 4922 II-'-V;
704 4843 850 4910 doctrine
870 4842 959 4908 libris
971 4839 1123 4911 VIII-X
1145 4841 1303 4927 explicata
1327 4841 1479 4928 exemplis
1500 4843 1534 4907 iu
1557 4841 1738 4928 usupositis
1753 4841 1914 4908 illrutrata

1728 4957 1760 5010 4*
