4684 5792
1129 799 1149 862 5

1038 880 1237 892 'evum

556 1001 826 1087 Librorum
856 1001 920 1088 de
950 981 1128 1108 lingua
1157 1001 1321 1086 latina
1351 1002 1720 1105 argumentum.

436 1211 576 1278 Varroni
596 1211 699 1278 omnis
720 1211 825 1297 operis
847 1211 886 1276 de
906 1212 1017 1298 lingua
1038 1212 1140 1278 latina
1161 1218 1226 1278 tres
1246 1211 1368 1297 placuit
1395 1210 1498 1276 facere
1520 1215 1626 1296 partes
1649 1210 1726 1294 (VH
1756 1211 1816 1276 110
1836 1212 1945 1280 Muell.

336 1350 367 1413 p.
394 1329 456 1392 390
484 1327 615 1415 Speng.)
645 1329 748 1414 primo
775 1327 1040 1414 quemadmodum
1068 1329 1223 1396 voeabula
1250 1327 1400 1414 imposita
1428 1331 1533 1392 essent
1562 1327 1656 1392 rebus
1689 1327 1743 1413 (cf.
1777 1326 1842 1392 VII
1875 1329 1945 1408 109,

336 1442 416 1508 VIII
439 1444 481 1528 1),
504 1444 640 1512 secundo
663 1445 929 1530 quemadmodum
950 1467 988 1510 ea
1008 1446 1043 1511 in
1072 1468 1162 1513 casus
1182 1447 1417 1512 declinarentur
1438 1443 1516 1529 (quo
1537 1448 1632 1529 pacto
1654 1445 1693 1510 de
1714 1445 1764 1510 his
1786 1445 1946 1512 declinata

336 1560 370 1624 in
392 1561 573 1628 discrimina
592 1563 699 1628 ierunt
712 1561 792 1629 VIII
815 1562 857 1647 1),
878 1562 974 1628 tertio
995 1561 1260 1646 quemadmodum
1280 1561 1548 1646 coniungerentur
1561 1561 1611 1644 (ut
1625 1582 1663 1626 ea
1678 1562 1762 1628 inter
1776 1584 1809 1628 se
1821 1563 1947 1628 ratione

337 1677 505 1744 coniuncta
515 1680 706 1745 sententiam
720 1679 856 1745 efferant
868 1679 937 1764 ib.).
969 1677 1047 1743 Cum
1062 1699 1138 1744 vero
1152 1678 1289 1763 primum
1303 1677 1382 1742 illud
1397 1698 1452 1742 sex
1467 1676 1557 1742 libris
1571 1678 1728 1764 explicare
1744 1679 1945 1758 instituisset,

337 1814 376 1857 ex
395 1790 445 1859 his
466 1799 530 1860 tres
551 1797 671 1880 priores
694 1794 858 1882 Septumio
881 1796 1009 1880 scripsit
1029 1795 1084 1880 qni
1105 1795 1135 1860 ei
1155 1798 1304 1880 quaestor
1335 1794 1456 1872 fuerat,
1484 1798 1549 1860 tres
1578 1795 1619 1860 ad
1642 1794 1825 1861 Ciceronem
1846 1796 1945 1865 misit.

335 1909 374 1975 In
397 1912 441 1977 eis
462 1933 541 1996 quos
556 1911 721 1998 Septumio
742 1913 830 1979 misit
852 1914 890 1978 de
913 1913 1080 1998 disciplina
1100 1912 1269 1978 verborum
1290 1911 1423 1996 originis
1437 1912 1593 1990 disseruit,
1616 1915 1649 1977 et
1669 1912 1772 1998 primo
1785 1910 1946 1976 volumine

336 2026 443 2093 docuit
464 2049 546 2113 quae
567 2029 714 2096 dicantur
736 2053 791 2098 eur
812 2027 1032 2115 drvpotoyueu'
1054 2051 1157 2114 neque
1178 2045 1229 2094 ars
1250 2029 1293 2094 sit
1313 2050 1415 2113 neque
1434 2049 1473 2094 ea
1493 2029 1582 2094 utilis
1610 2029 1670 2106 sit;
1700 2027 1835 2094 secundo
1863 2048 1946 2112 quae

335 2147 400 2208 sint
420 2165 475 2210 cur
497 2150 530 2210 et
551 2167 601 2212 ars
623 2169 661 2213 ea
690 2148 732 2212 sit
761 2152 794 2213 et
822 2149 911 2214 utilis
939 2148 998 2225 sit;
1027 2147 1122 2213 tertio
1150 2166 1233 2231 qnae
1261 2147 1364 2212 forma
1391 2145 1604 2232 etymologiae
1626 2145 1669 2228 (V
1692 2145 1734 2230 1).
1776 2143 1815 2210 ln
1837 2143 1947 2210 alteris

334 2261 437 2327 tribus
458 2264 499 2329 ad
519 2263 701 2331 Ciceronem
722 2267 847 2351 scriptis
867 2264 1039 2330 latinorum
1061 2264 1229 2329 verborum
1249 2243 1388 2348 oiigines
1410 2262 1571 2347 exposuit,
1598 2266 1632 2328 et
1651 2263 1755 2348 primo
1775 2262 1857 2327 libro
1878 2261 1946 2347 egit

335 2380 374 2445 de
395 2381 557 2447 vocabulis
578 2381 718 2447 locorum
739 2387 774 2447 et
794 2404 876 2466 quae
898 2382 932 2446 in
953 2381 1002 2446 bis
1024 2385 1099 2446 sunt
1120 2378 1166 2464 (V
1181 2379 1221 2444 10
1242 2401 1272 2464 p.
1288 2377 1351 2462 22),
1374 2379 1511 2444 secundo
1533 2379 1572 2444 de
1586 2379 1747 2445 vocabulis
1764 2383 1944 2463 temporum

337 2500 370 2562 et
390 2517 499 2562 earum
520 2519 725 2583 rerumquae
746 2499 781 2563 in
802 2497 926 2584 agendo
948 2498 1031 2563 fiunt
1052 2503 1109 2563 aut
1131 2498 1280 2563 dicuntur
1301 2518 1375 2563 cum
1395 2501 1538 2580 tempore
1560 2497 1667 2581 aliquo
1688 2495 1749 2579 (Vl
1772 2495 1824 2581 1),
1846 2495 1945 2560 tertio

335 2612 375 2678 de
394 2613 556 2680 vocabulis
578 2637 660 2701 quae
681 2639 700 2682 a
721 2617 824 2701 poetis
845 2620 920 2680 sunt
940 2615 1045 2700 posita
1066 2614 1110 2698 (V
1111 2613 1143 2680 ΙΙ
1165 2615 1232 2700 5p.
1254 2614 1339 2699 286).
1351 2619 1376 2694 ⁷)
1418 2613 1526 2678 Prima
1541 2615 1644 2698 operis
1665 2617 1757 2697 parte
1771 2611 1830 2677 tali
1850 2611 1946 2677 modo

337 2728 491 2808 absoluta,
515 2732 683 2798 secundam
707 2753 789 2818 quae
810 2732 849 2797 de
870 2732 1134 2798 declinationibus
1155 2735 1312 2798 tractaret
1331 2731 1379 2822 ita
1401 2730 1617 2816 perpetravit,
1638 2735 1689 2810 ut,
1711 2750 1783 2795 cum
1804 2726 1945 2794 declina·

337 2846 459 2912 tionum
481 2869 600 2934 genera
621 2850 683 2915 dno
706 2871 772 2915 esse
794 2853 950 2930 censeret,
978 2848 1193 2915 voluntarium
1213 2853 1248 2914 et
1267 2848 1430 2926 naturale,
1457 2847 1496 2911 de
1518 2848 1681 2931 utriusque
1702 2846 1827 2931 generis
1848 2845 1945 2911 decli-

336 2963 519 3030 nationibus
540 2965 638 3030 libros
665 2964 783 3032 faceret
811 2966 860 3031 bis
889 2970 1012 3044 ternos,
1041 2968 1162 3051 priores
1191 2971 1256 3031 tres
1284 2966 1323 3031 de
1353 2987 1463 3031 earum
1491 2963 1739 3030 declinationum
1767 2962 1945 3047 disciplina,

335 3083 525 3165 posteriores
553 3104 592 3147 ex
621 3083 688 3148 eius
715 3083 900 3168 disciplinae
928 3085 1158 3170 propaginibus
1180 3083 1274 3169 (VIII
1295 3085 1346 3152 21.
1367 3084 1417 3147 24.
1440 3105 1469 3168 p.
1491 3082 1562 3147 406.
1586 3080 1672 3165 408).
1714 3079 1763 3144 De
1787 3078 1945 3163 prioribus

336 3198 457 3282 primus
478 3197 609 3264 exhibet
629 3221 710 3285 quae
731 3205 844 3266 contra
865 3203 1107 3268 similitudinem
1126 3203 1373 3268 declinationum
1397 3197 1614 3284 (ἀναλογίαν)
1636 3196 1783 3262 dicantur
1797 3193 1890 3278 (VIII
1904 3193 1945 3256 25

335 3334 365 3398 p.
388 3313 472 3398 400),
495 3316 648 3382 sccundus
671 3339 753 3402 quae
774 3323 887 3384 eontra
909 3318 1197 3385 dissimilitudinem
1218 3317 1443 3403 (α’νωμαλίαν)
1467 3315 1526 3400 (IX
1548 3317 1565 3380 7
1588 3338 1617 3400 p.
1640 3313 1734 3398 460);
1763 3310 1878 3376 1910018
1906 3309 1946 3373 (Ῑθ

335 3430 577 3498 similitudinum
605 3434 708 3500 forma
735 3437 873 3521 scriptus
902 3441 950 3502 est
977 3435 1020 3517 (X
1051 3436 1079 3501 1.
1108 3437 1150 3516 2).
1201 3435 1249 3501 De
1277 3435 1385 3502 alteris
1413 3435 1547 3501 totidem
1575 3432 1711 3499 scribere
1739 3452 1777 3495 ac
1805 3426 1946 3494 dividere

333 3545 431 3611 libros
451 3547 555 3614 Varro
576 3551 753 3637 inceperat,
779 3559 997 3619 verumtamen
1025 3553 1059 3617 hi
1087 3553 1128 3618 ad
1156 3558 1298 3619 nostram
1325 3558 1463 3620 aetatem
1491 3574 1556 3617 non
1582 3551 1811 3636 pervenerunt,
1841 3563 1945 3628 neque

336 3663 437 3747 magis
457 3666 572 3750 reliqui
592 3667 757 3736 duodecim
778 3670 893 3754 quibus
914 3671 1011 3736 tertia
1039 3671 1140 3735 omnis
1169 3673 1272 3756 operis
1299 3693 1374 3756 pars
1403 3692 1465 3755 quo
1493 3671 1588 3754 pacto
1615 3663 1771 3730 vocabula
1797 3663 1882 3728 inter
1910 3679 1943 3724 se

334 3782 459 3846 ratione
479 3784 649 3850 coniuncta
669 3788 861 3852 sententiam
889 3787 1023 3854 efferant
1050 3787 1290 3867 continebatur,
1319 3809 1452 3873 quorum
1480 3786 1597 3851 idcirco
1627 3804 1693 3847 non
1720 3781 1796 3845 licet
1816 3777 1944 3864 singula

335 3900 528 3984 perscribere
550 3907 748 3988 argumenta.

985 4063 1058 4149 De
1088 4062 1220 4149 libro
1251 4063 1289 4148 I.

435 4265 609 4333 Permirum
632 4268 776 4354 quidem,
798 4270 890 4336 buius
911 4270 986 4336 libri
1007 4272 1062 4357 qui
1084 4273 1175 4357 quasi
1195 4270 1393 4355 prooemium
1413 4272 1475 4335 toti
1496 4269 1584 4354 operi
1603 4263 1791 4352 praemissus
1811 4262 1944 4347 putatur

334 4380 367 4445 in
390 4381 480 4447 libris
500 4384 540 4449 ad
561 4407 618 4450 nos
638 4387 770 4472 perlatis
791 4410 854 4454 non
877 4388 945 4454 fieri
967 4389 1172 4470 mentionem,
1193 4411 1265 4455 cum
1281 4387 1383 4454 Varro
1405 4387 1529 4473 saepius
1551 4381 1681 4467 etquid
1702 4376 1889 4445 tractaverit
1910 4379 1944 4440 et

387 4580 410 4654 7)
434 4577 741 4655 ct.v11110p.389:
763 4584 796 4644 ln
812 4584 944 4644 secundis
958 4583 1052 4643 tribus
1068 4597 1141 4656 quos
1162 4583 1199 4642 ad
1221 4590 1251 4642 te
1272 4583 1334 4640 mid
1347 4583 1417 4641 item
1428 4582 1588 4657 generatim
1599 4579 1742 4652 discretis,
1766 4577 1890 4651 primum
1911 4575 1941 4632 in

435 4689 491 4747 quo
512 4684 580 4732 sunt
601 4675 727 4748 origines
748 4675 903 4736 verborum
927 4676 1055 4735 locorum
1074 4687 1105 4733 et
1124 4691 1223 4734 earum
1238 4690 1334 4734 rerum
1350 4689 1424 4748 quae
1440 4675 1470 4732 in
1485 4672 1557 4730 locis
1574 4688 1639 4731 essa
1652 4669 1762 4740 solent;
1784 4666 1942 4726 secundum

434 4766 536 4838 quibus
558 4766 706 4827 vocabuIIs
729 4775 862 4841 tempora
882 4769 941 4828 sint
961 4773 1063 4827 nauta
1084 4773 1115 4826 et
1136 4783 1188 4827 eae
1209 4783 1257 4826 res
1280 4781 1356 4840 quae
1382 4766 1411 4823 iu
1440 4763 1618 4838 temporibus
1646 4761 1735 4833 fiunt3
1764 4761 1867 4819 tertius
1894 4759 1942 4818 bic

432 4859 460 4915 in
484 4875 540 4935 quo
563 4874 581 4917 a
602 4861 697 4934 poetis
719 4861 789 4918 item
811 4866 935 4935 sumpta,
957 4865 989 4919 ut
1011 4859 1061 4917 llla
1083 4875 1157 4932 quae
1179 4858 1238 4916 dixi
1257 4858 1286 4916 in
1308 4856 1420 4917 duobus
1441 4855 1522 4915 libris
1544 4856 1639 4914 solnta
1661 4855 1802 4915 oratione.
