<?xml version="1.0" encoding="UTF-8"?>
<!DOCTYPE html PUBLIC "-//W3C//DTD XHTML 1.0 Transitional//EN"
    "http://www.w3.org/TR/xhtml1/DTD/xhtml1-transitional.dtd">
<html xmlns="http://www.w3.org/1999/xhtml" xml:lang="en" lang="en">
 <head>
  <title>
</title>
<meta http-equiv="Content-Type" content="text/html;charset=utf-8" />
  <meta name='ocr-system' content='tesseract 3.04.00' />
  <meta name='ocr-capabilities' content='ocr_page ocr_carea ocr_par ocr_line ocrx_word'/>
</head>
<body>
  <div class='ocr_page' id='page_1' title='image "./mterentivarroni00oxgoog_0045.png"; bbox 0 0 4684 5792; ppageno 0'>
   <div class='ocr_carea' id='block_1_1' title="bbox 1203 779 1245 844">
    <p class='ocr_par' dir='ltr' id='par_1_1' title="bbox 1203 779 1245 844">
     <span class='ocr_line' id='line_1_1' title="bbox 1203 779 1245 844; baseline 0.024 -1"><span class='ocrx_word' id='word_1_1' title='bbox 1203 779 1245 844; x_wconf 83' lang='lat'>36</span> 
     </span>
    </p>
   </div>
   <div class='ocr_carea' id='block_1_2' title="bbox 1123 861 1322 878">
    <p class='ocr_par' dir='ltr' id='par_1_2' title="bbox 1123 861 1322 878">
     <span class='ocr_line' id='line_1_2' title="bbox 1123 861 1322 878; baseline 0 -4"><span class='ocrx_word' id='word_1_2' title='bbox 1123 861 1322 878; x_wconf 57' lang='lat' dir='ltr'>mmm</span> 
     </span>
    </p>
   </div>
   <div class='ocr_carea' id='block_1_3' title="bbox 321 978 2029 2832">
    <p class='ocr_par' dir='ltr' id='par_1_3' title="bbox 404 978 2029 1652">
     <span class='ocr_line' id='line_1_3' title="bbox 406 978 2029 1068; baseline 0 -18"><span class='ocrx_word' id='word_1_3' title='bbox 406 979 479 1050; x_wconf 83' lang='lat' dir='ltr'>duo</span> <span class='ocrx_word' id='word_1_4' title='bbox 499 980 604 1068; x_wconf 91' lang='lat' dir='ltr'>prima</span> <span class='ocrx_word' id='word_1_5' title='bbox 623 979 745 1060; x_wconf 85' lang='lat' dir='ltr'>babent</span> <span class='ocrx_word' id='word_1_6' title='bbox 767 980 889 1060; x_wconf 88' lang='lat' dir='ltr'>eadem,</span> <span class='ocrx_word' id='word_1_7' title='bbox 910 981 995 1066; x_wconf 90' lang='lat' dir='ltr'>quod</span> <span class='ocrx_word' id='word_1_8' title='bbox 1015 983 1091 1046; x_wconf 83' lang='lat' dir='ltr'>sunt</span> <span class='ocrx_word' id='word_1_9' title='bbox 1120 985 1153 1047; x_wconf 90' lang='lat' dir='ltr'>st</span> <span class='ocrx_word' id='word_1_10' title='bbox 1183 978 1286 1047; x_wconf 80' lang='lat' dir='ltr'>virilia</span> <span class='ocrx_word' id='word_1_11' title='bbox 1314 983 1347 1044; x_wconf 87' lang='lat' dir='ltr'>et</span> <span class='ocrx_word' id='word_1_12' title='bbox 1374 979 1542 1048; x_wconf 84' lang='lat' dir='ltr'>muliebria</span> <span class='ocrx_word' id='word_1_13' title='bbox 1570 984 1603 1048; x_wconf 85' lang='lat' dir='ltr'>et</span> <span class='ocrx_word' id='word_1_14' title='bbox 1631 985 1760 1059; x_wconf 86' lang='lat' dir='ltr'>neutra;</span> <span class='ocrx_word' id='word_1_15' title='bbox 1790 986 1824 1048; x_wconf 92' lang='lat' dir='ltr'>et</span> <span class='ocrx_word' id='word_1_16' title='bbox 1851 983 1936 1068; x_wconf 90' lang='lat' dir='ltr'>quod</span> <span class='ocrx_word' id='word_1_17' title='bbox 1964 984 2029 1051; x_wconf 86' lang='lat' dir='ltr'>alia</span> 
     </span>
     <span class='ocr_line' id='line_1_4' title="bbox 417 1075 2029 1188; baseline 0 -22"><span class='ocrx_word' id='word_1_18' title='bbox 417 1105 493 1166; x_wconf 89' lang='lat' dir='ltr'>sunt</span> <span class='ocrx_word' id='word_1_19' title='bbox 512 1075 550 1166; x_wconf 80' lang='lat' dir='ltr'>ut</span> <span class='ocrx_word' id='word_1_20' title='bbox 570 1099 751 1184; x_wconf 80' lang='lat' dir='ltr'>significent</span> <span class='ocrx_word' id='word_1_21' title='bbox 771 1120 878 1177; x_wconf 83' lang='lat' dir='ltr'>unum,</span> <span class='ocrx_word' id='word_1_22' title='bbox 902 1097 965 1162; x_wconf 90' lang='lat' dir='ltr'>alia</span> <span class='ocrx_word' id='word_1_23' title='bbox 986 1102 1024 1163; x_wconf 90' lang='lat' dir='ltr'>ut</span> <span class='ocrx_word' id='word_1_24' title='bbox 1044 1098 1153 1183; x_wconf 81' lang='lat' dir='ltr'>plura3</span> <span class='ocrx_word' id='word_1_25' title='bbox 1176 1102 1210 1165; x_wconf 91' lang='lat' dir='ltr'>et</span> <span class='ocrx_word' id='word_1_26' title='bbox 1230 1097 1269 1164; x_wconf 93' lang='lat' dir='ltr'>de</span> <span class='ocrx_word' id='word_1_27' title='bbox 1291 1098 1455 1164; x_wconf 86' lang='lat' dir='ltr'>casibus</span> <span class='ocrx_word' id='word_1_28' title='bbox 1483 1098 1568 1183; x_wconf 87' lang='lat' dir='ltr'>quod</span> <span class='ocrx_word' id='word_1_29' title='bbox 1598 1097 1718 1163; x_wconf 89' lang='lat' dir='ltr'>babent</span> <span class='ocrx_word' id='word_1_30' title='bbox 1746 1099 1910 1183; x_wconf 88' lang='lat' dir='ltr'>quinos:</span> <span class='ocrx_word' id='word_1_31' title='bbox 1939 1123 2029 1188; x_wconf 86' lang='lat' dir='ltr'>nam</span> 
     </span>
     <span class='ocr_line' id='line_1_5' title="bbox 417 1213 2028 1303; baseline 0.001 -21"><span class='ocrx_word' id='word_1_32' title='bbox 417 1217 596 1282; x_wconf 78' lang='lat' dir='ltr'>vocandi</span> <span class='ocrx_word' id='word_1_33' title='bbox 619 1238 715 1282; x_wconf 81' lang='lat' dir='ltr'>voce</span> <span class='ocrx_word' id='word_1_34' title='bbox 736 1219 911 1281; x_wconf 88' lang='lat' dir='ltr'>notatus</span> <span class='ocrx_word' id='word_1_35' title='bbox 932 1236 1009 1281; x_wconf 92' lang='lat' dir='ltr'>non</span> <span class='ocrx_word' id='word_1_36' title='bbox 1032 1220 1112 1282; x_wconf 85' lang='lat' dir='ltr'>cst‘</span> <span class='ocrx_word' id='word_1_37' title='bbox 1137 1251 1176 1264; x_wconf 91' lang='lat'>-</span> <span class='ocrx_word' id='word_1_38' title='bbox 1196 1215 1232 1281; x_wconf 90' lang='lat' dir='ltr'>L.</span> <span class='ocrx_word' id='word_1_39' title='bbox 1254 1214 1285 1280; x_wconf 89' lang='lat' dir='ltr'>X</span> <span class='ocrx_word' id='word_1_40' title='bbox 1304 1215 1345 1280; x_wconf 82' lang='lat'>62</span> <span class='ocrx_word' id='word_1_41' title='bbox 1366 1239 1399 1303; x_wconf 90' lang='lat' dir='ltr'>p.</span> <span class='ocrx_word' id='word_1_42' title='bbox 1421 1213 1508 1281; x_wconf 74' lang='lat'>5792·</span> <span class='ocrx_word' id='word_1_43' title='bbox 1524 1214 1589 1296; x_wconf 83' lang='lat' dir='ltr'>‚Sin</span> <span class='ocrx_word' id='word_1_44' title='bbox 1613 1216 1654 1282; x_wconf 90' lang='lat' dir='ltr'>ab</span> <span class='ocrx_word' id='word_1_45' title='bbox 1669 1215 1825 1302; x_wconf 80' lang='lat' dir='ltr'>singulari</span> <span class='ocrx_word' id='word_1_46' title='bbox 1840 1218 2028 1302; x_wconf 87' lang='lat' dir='ltr'>quispotius</span> 
     </span>
     <span class='ocr_line' id='line_1_6' title="bbox 413 1331 2029 1421; baseline 0.002 -22"><span class='ocrx_word' id='word_1_47' title='bbox 413 1334 572 1421; x_wconf 89' lang='lat' dir='ltr'>proficisci</span> <span class='ocrx_word' id='word_1_48' title='bbox 593 1334 679 1400; x_wconf 85' lang='lat' dir='ltr'>volet</span> <span class='ocrx_word' id='word_1_49' title='bbox 700 1332 904 1418; x_wconf 85' lang='lat' dir='ltr'>(principium</span> <span class='ocrx_word' id='word_1_50' title='bbox 925 1333 1093 1418; x_wconf 79' lang='lat' dir='ltr'>analogiae</span> <span class='ocrx_word' id='word_1_51' title='bbox 1111 1332 1255 1418; x_wconf 89' lang='lat' dir='ltr'>ponens),</span> <span class='ocrx_word' id='word_1_52' title='bbox 1278 1331 1312 1398; x_wconf 92' lang='lat' dir='ltr'>id</span> <span class='ocrx_word' id='word_1_53' title='bbox 1332 1331 1423 1398; x_wconf 86' lang='lat' dir='ltr'>illurn</span> <span class='ocrx_word' id='word_1_54' title='bbox 1438 1333 1542 1399; x_wconf 82' lang='lat' dir='ltr'>lacere</span> <span class='ocrx_word' id='word_1_55' title='bbox 1556 1333 1718 1418; x_wconf 74' lang='lat' dir='ltr'>oportebit</span> <span class='ocrx_word' id='word_1_56' title='bbox 1733 1333 1774 1398; x_wconf 89' lang='lat' dir='ltr'>ab</span> <span class='ocrx_word' id='word_1_57' title='bbox 1795 1338 1914 1400; x_wconf 84' lang='lat' dir='ltr'>sexto</span> <span class='ocrx_word' id='word_1_58' title='bbox 1935 1357 2029 1402; x_wconf 87' lang='lat' dir='ltr'>casu</span> 
     </span>
     <span class='ocr_line' id='line_1_7' title="bbox 414 1449 2028 1539; baseline -0.001 -20"><span class='ocrx_word' id='word_1_59' title='bbox 414 1453 486 1539; x_wconf 87' lang='lat' dir='ltr'>qui</span> <span class='ocrx_word' id='word_1_60' title='bbox 507 1455 572 1518; x_wconf 87' lang='lat' dir='ltr'>est</span> <span class='ocrx_word' id='word_1_61' title='bbox 587 1451 779 1537; x_wconf 88' lang='lat' dir='ltr'>proprius</span> <span class='ocrx_word' id='word_1_62' title='bbox 792 1449 902 1516; x_wconf 87' lang='lat' dir='ltr'>latin</span> <span class='ocrx_word' id='word_1_63' title='bbox 910 1472 969 1527; x_wconf 90' lang='lat' dir='ltr'>us;</span> <span class='ocrx_word' id='word_1_64' title='bbox 991 1472 1066 1515; x_wconf 87' lang='lat' dir='ltr'>narn</span> <span class='ocrx_word' id='word_1_65' title='bbox 1078 1450 1144 1516; x_wconf 91' lang='lat' dir='ltr'>eius</span> <span class='ocrx_word' id='word_1_66' title='bbox 1155 1451 1257 1528; x_wconf 88' lang='lat' dir='ltr'>casuis</span> <span class='ocrx_word' id='word_1_67' title='bbox 1269 1451 1448 1516; x_wconf 85' lang='lat' dir='ltr'>litterarum</span> <span class='ocrx_word' id='word_1_68' title='bbox 1459 1449 1825 1518; x_wconf 76' lang='lat' dir='ltr'>direriminibusfacilins</span> <span class='ocrx_word' id='word_1_69' title='bbox 1836 1453 2028 1537; x_wconf 87' lang='lat' dir='ltr'>reliquorum</span> 
     </span>
     <span class='ocr_line' id='line_1_8' title="bbox 404 1566 2029 1652; baseline -0.001 -14"><span class='ocrx_word' id='word_1_70' title='bbox 404 1573 606 1638; x_wconf 76' lang='lat' dir='ltr'>rarietatem</span> <span class='ocrx_word' id='word_1_71' title='bbox 627 1569 803 1634; x_wconf 86' lang='lat' dir='ltr'>discernere</span> <span class='ocrx_word' id='word_1_72' title='bbox 824 1567 954 1652; x_wconf 87' lang='lat' dir='ltr'>poterit,</span> <span class='ocrx_word' id='word_1_73' title='bbox 976 1567 1060 1650; x_wconf 80' lang='lat' dir='ltr'>quod</span> <span class='ocrx_word' id='word_1_74' title='bbox 1083 1567 1113 1632; x_wconf 89' lang='lat' dir='ltr'>ei</span> <span class='ocrx_word' id='word_1_75' title='bbox 1134 1566 1257 1632; x_wconf 84' lang='lat' dir='ltr'>habent</span> <span class='ocrx_word' id='word_1_76' title='bbox 1278 1566 1383 1633; x_wconf 84' lang='lat' dir='ltr'>exitus</span> <span class='ocrx_word' id='word_1_77' title='bbox 1399 1571 1461 1632; x_wconf 84' lang='lat' dir='ltr'>&#39;ant</span> <span class='ocrx_word' id='word_1_78' title='bbox 1481 1567 1516 1632; x_wconf 89' lang='lat' dir='ltr'>in</span> <span class='ocrx_word' id='word_1_79' title='bbox 1537 1568 1568 1632; x_wconf 79' lang='lat' dir='ltr'>A</span> <span class='ocrx_word' id='word_1_80' title='bbox 1589 1573 1627 1634; x_wconf 88' lang='lat' dir='ltr'>ut</span> <span class='ocrx_word' id='word_1_81' title='bbox 1649 1567 1709 1635; x_wconf 84' lang='lat' dir='ltr'>huc</span> <span class='ocrx_word' id='word_1_82' title='bbox 1729 1573 1830 1648; x_wconf 89' lang='lat' dir='ltr'>terra,</span> <span class='ocrx_word' id='word_1_83' title='bbox 1861 1575 1918 1636; x_wconf 85' lang='lat' dir='ltr'>aut</span> <span class='ocrx_word' id='word_1_84' title='bbox 1946 1570 2029 1638; x_wconf 82' lang='lat' dir='ltr'>inIl</span> 
     </span>
    </p>

    <p class='ocr_par' dir='ltr' id='par_1_4' title="bbox 321 1683 2029 2832">
     <span class='ocr_line' id='line_1_9' title="bbox 415 1683 2028 1764; baseline 0.003 -10"><span class='ocrx_word' id='word_1_85' title='bbox 415 1694 453 1754; x_wconf 88' lang='lat' dir='ltr'>ut</span> <span class='ocrx_word' id='word_1_86' title='bbox 480 1686 675 1764; x_wconf 77' lang='grc'><strong>66616666,</strong></span> <span class='ocrx_word' id='word_1_87' title='bbox 704 1689 761 1752; x_wconf 88' lang='lat' dir='ltr'>aut</span> <span class='ocrx_word' id='word_1_88' title='bbox 788 1685 822 1750; x_wconf 93' lang='lat' dir='ltr'>in</span> <span class='ocrx_word' id='word_1_89' title='bbox 843 1684 861 1750; x_wconf 94' lang='grc' dir='ltr'>Ι</span> <span class='ocrx_word' id='word_1_90' title='bbox 883 1688 919 1752; x_wconf 88' lang='lat' dir='ltr'>ut</span> <span class='ocrx_word' id='word_1_91' title='bbox 946 1683 1007 1751; x_wconf 88' lang='lat' dir='ltr'>hac</span> <span class='ocrx_word' id='word_1_92' title='bbox 1026 1683 1108 1764; x_wconf 71' lang='lat' dir='ltr'>leri,</span> <span class='ocrx_word' id='word_1_93' title='bbox 1132 1687 1191 1750; x_wconf 87' lang='lat' dir='ltr'>aut</span> <span class='ocrx_word' id='word_1_94' title='bbox 1209 1684 1243 1750; x_wconf 89' lang='lat' dir='ltr'>iu</span> <span class='ocrx_word' id='word_1_95' title='bbox 1266 1686 1293 1750; x_wconf 86' lang='lat'>0</span> <span class='ocrx_word' id='word_1_96' title='bbox 1316 1688 1352 1750; x_wconf 90' lang='lat' dir='ltr'>ut</span> <span class='ocrx_word' id='word_1_97' title='bbox 1372 1683 1432 1750; x_wconf 91' lang='lat' dir='ltr'>boc</span> <span class='ocrx_word' id='word_1_98' title='bbox 1460 1685 1563 1764; x_wconf 77' lang='lat' dir='ltr'>caelo,</span> <span class='ocrx_word' id='word_1_99' title='bbox 1593 1687 1703 1752; x_wconf 87' lang='lat' dir='ltr'>autin</span> <span class='ocrx_word' id='word_1_100' title='bbox 1724 1686 1812 1753; x_wconf 90' lang='lat' dir='ltr'>Uut</span> <span class='ocrx_word' id='word_1_101' title='bbox 1835 1689 1893 1757; x_wconf 88' lang='lat' dir='ltr'>boc</span> <span class='ocrx_word' id='word_1_102' title='bbox 1915 1700 2028 1759; x_wconf 83' lang='lat' dir='ltr'>versu‘</span> 
     </span>
     <span class='ocr_line' id='line_1_10' title="bbox 355 1782 2029 1894; baseline 0.002 -23"><span class='ocrx_word' id='word_1_103' title='bbox 355 1782 358 1790; x_wconf 36' lang='lat'>¹</span> <span class='ocrx_word' id='word_1_104' title='bbox 416 1806 515 1871; x_wconf 85' lang='lat' dir='ltr'>Vides</span> <span class='ocrx_word' id='word_1_105' title='bbox 536 1805 636 1890; x_wconf 80' lang='lat' dir='ltr'>igitur</span> <span class='ocrx_word' id='word_1_106' title='bbox 657 1807 689 1868; x_wconf 90' lang='lat' dir='ltr'>et</span> <span class='ocrx_word' id='word_1_107' title='bbox 718 1823 774 1867; x_wconf 89' lang='lat' dir='ltr'>sex</span> <span class='ocrx_word' id='word_1_108' title='bbox 801 1823 929 1868; x_wconf 87' lang='lat' dir='ltr'>casuum</span> <span class='ocrx_word' id='word_1_109' title='bbox 959 1801 1077 1867; x_wconf 85' lang='lat' dir='ltr'>formas</span> <span class='ocrx_word' id='word_1_110' title='bbox 1106 1801 1256 1868; x_wconf 81' lang='lat' dir='ltr'>distincte</span> <span class='ocrx_word' id='word_1_111' title='bbox 1284 1803 1523 1868; x_wconf 86' lang='lat' dir='ltr'>commemorari</span> <span class='ocrx_word' id='word_1_112' title='bbox 1553 1807 1587 1868; x_wconf 92' lang='lat' dir='ltr'>et</span> <span class='ocrx_word' id='word_1_113' title='bbox 1614 1808 1738 1870; x_wconf 85' lang='lat' dir='ltr'>sextum</span> <span class='ocrx_word' id='word_1_114' title='bbox 1767 1815 1872 1872; x_wconf 85' lang='lat' dir='ltr'>casum</span> <span class='ocrx_word' id='word_1_115' title='bbox 1902 1809 2029 1894; x_wconf 90' lang='lat' dir='ltr'>proprie</span> 
     </span>
     <span class='ocr_line' id='line_1_11' title="bbox 416 1917 2029 2009; baseline 0.003 -21"><span class='ocrx_word' id='word_1_116' title='bbox 416 1923 488 2004; x_wconf 88' lang='lat' dir='ltr'>diei,</span> <span class='ocrx_word' id='word_1_117' title='bbox 510 1926 675 2008; x_wconf 88' lang='lat' dir='ltr'>praeterea</span> <span class='ocrx_word' id='word_1_118' title='bbox 695 1919 874 1985; x_wconf 88' lang='lat' dir='ltr'>Varronem</span> <span class='ocrx_word' id='word_1_119' title='bbox 896 1918 1052 1985; x_wconf 80' lang='lat' dir='ltr'>vocabulo</span> <span class='ocrx_word' id='word_1_120' title='bbox 1073 1927 1168 1984; x_wconf 88' lang='lat' dir='ltr'>casus</span> <span class='ocrx_word' id='word_1_121' title='bbox 1185 1917 1234 1982; x_wconf 93' lang='lat' dir='ltr'>uti</span> <span class='ocrx_word' id='word_1_122' title='bbox 1254 1917 1376 1984; x_wconf 88' lang='lat' dir='ltr'>duobus</span> <span class='ocrx_word' id='word_1_123' title='bbox 1397 1919 1509 1998; x_wconf 75' lang='lat' dir='ltr'>modis,</span> <span class='ocrx_word' id='word_1_124' title='bbox 1531 1920 1579 1985; x_wconf 87' lang='lat' dir='ltr'>ita</span> <span class='ocrx_word' id='word_1_125' title='bbox 1599 1924 1636 1987; x_wconf 93' lang='lat' dir='ltr'>nt</span> <span class='ocrx_word' id='word_1_126' title='bbox 1655 1926 1689 1987; x_wconf 88' lang='lat' dir='ltr'>et</span> <span class='ocrx_word' id='word_1_127' title='bbox 1707 1923 1750 1988; x_wconf 90' lang='lat' dir='ltr'>sit</span> <span class='ocrx_word' id='word_1_128' title='bbox 1764 1924 1866 2009; x_wconf 80' lang='lat' dir='ltr'>quiris</span> <span class='ocrx_word' id='word_1_129' title='bbox 1883 1927 2029 1993; x_wconf 77' lang='lat' dir='ltr'>vocabuli</span> 
     </span>
     <span class='ocr_line' id='line_1_12' title="bbox 416 2034 2027 2124; baseline 0.002 -18"><span class='ocrx_word' id='word_1_130' title='bbox 416 2041 520 2107; x_wconf 86' lang='lat' dir='ltr'>exitus</span> <span class='ocrx_word' id='word_1_131' title='bbox 549 2041 582 2104; x_wconf 94' lang='lat' dir='ltr'>in</span> <span class='ocrx_word' id='word_1_132' title='bbox 609 2042 702 2124; x_wconf 88' lang='lat' dir='ltr'>parta</span> <span class='ocrx_word' id='word_1_133' title='bbox 730 2037 851 2105; x_wconf 88' lang='lat' dir='ltr'>casuali</span> <span class='ocrx_word' id='word_1_134' title='bbox 878 2036 962 2120; x_wconf 86' lang='lat' dir='ltr'>(idco</span> <span class='ocrx_word' id='word_1_135' title='bbox 991 2035 1055 2101; x_wconf 86' lang='lat' dir='ltr'>sliu</span> <span class='ocrx_word' id='word_1_136' title='bbox 1085 2034 1227 2120; x_wconf 82' lang='lat' dir='ltr'>singulos</span> <span class='ocrx_word' id='word_1_137' title='bbox 1257 2034 1321 2100; x_wconf 88' lang='lat' dir='ltr'>alia</span> <span class='ocrx_word' id='word_1_138' title='bbox 1349 2035 1454 2121; x_wconf 89' lang='lat' dir='ltr'>plures</span> <span class='ocrx_word' id='word_1_139' title='bbox 1483 2035 1602 2103; x_wconf 86' lang='lat' dir='ltr'>babere</span> <span class='ocrx_word' id='word_1_140' title='bbox 1631 2037 1710 2106; x_wconf 88' lang='lat' dir='ltr'>dicit</span> <span class='ocrx_word' id='word_1_141' title='bbox 1738 2061 1849 2119; x_wconf 86' lang='lat' dir='ltr'>casus,.</span> <span class='ocrx_word' id='word_1_142' title='bbox 1869 2043 1968 2108; x_wconf 84' lang='lat' dir='ltr'>etium</span> <span class='ocrx_word' id='word_1_143' title='bbox 1988 2044 2027 2109; x_wconf 89' lang='lat' dir='ltr'>dc</span> 
     </span>
     <span class='ocr_line' id='line_1_13' title="bbox 415 2151 2029 2240; baseline 0.001 -16"><span class='ocrx_word' id='word_1_144' title='bbox 415 2158 577 2224; x_wconf 88' lang='lat' dir='ltr'>communi</span> <span class='ocrx_word' id='word_1_145' title='bbox 598 2178 673 2223; x_wconf 90' lang='lat' dir='ltr'>casu</span> <span class='ocrx_word' id='word_1_146' title='bbox 693 2155 834 2240; x_wconf 92' lang='lat' dir='ltr'>loquitur</span> <span class='ocrx_word' id='word_1_147' title='bbox 848 2151 929 2220; x_wconf 89' lang='lat' dir='ltr'><strong>VIII</strong></span> <span class='ocrx_word' id='word_1_148' title='bbox 949 2154 990 2218; x_wconf 83' lang='lat'>46</span> <span class='ocrx_word' id='word_1_149' title='bbox 1010 2174 1042 2237; x_wconf 92' lang='lat' dir='ltr'>p.</span> <span class='ocrx_word' id='word_1_150' title='bbox 1058 2152 1129 2230; x_wconf 74' lang='lat'>425,</span> <span class='ocrx_word' id='word_1_151' title='bbox 1150 2153 1207 2218; x_wconf 89' lang='lat' dir='ltr'>ubi</span> <span class='ocrx_word' id='word_1_152' title='bbox 1219 2151 1406 2238; x_wconf 79' lang='lat' dir='ltr'>Spengelius</span> <span class='ocrx_word' id='word_1_153' title='bbox 1428 2157 1513 2220; x_wconf 90' lang='lat' dir='ltr'>recte</span> <span class='ocrx_word' id='word_1_154' title='bbox 1534 2153 1617 2220; x_wconf 85' lang='lat' dir='ltr'>vidit</span> <span class='ocrx_word' id='word_1_155' title='bbox 1636 2157 1705 2222; x_wconf 81' lang='lat' dir='ltr'>ovis</span> <span class='ocrx_word' id='word_1_156' title='bbox 1725 2178 1792 2222; x_wconf 88' lang='lat' dir='ltr'>esse</span> <span class='ocrx_word' id='word_1_157' title='bbox 1816 2158 2029 2240; x_wconf 88' lang='lat' dir='ltr'>scribendum)</span> 
     </span>
     <span class='ocr_line' id='line_1_14' title="bbox 321 2268 2029 2361; baseline 0.001 -21"><span class='ocrx_word' id='word_1_158' title='bbox 321 2321 322 2324; x_wconf 63' lang='lat'>,</span> <span class='ocrx_word' id='word_1_159' title='bbox 417 2279 450 2340; x_wconf 88' lang='lat' dir='ltr'>et</span> <span class='ocrx_word' id='word_1_160' title='bbox 470 2273 573 2359; x_wconf 89' lang='lat' dir='ltr'>isqui</span> <span class='ocrx_word' id='word_1_161' title='bbox 594 2277 699 2340; x_wconf 86' lang='lat' dir='ltr'>certae</span> <span class='ocrx_word' id='word_1_162' title='bbox 720 2271 965 2356; x_wconf 84' lang='lat' dir='ltr'>interrogationi</span> <span class='ocrx_word' id='word_1_163' title='bbox 987 2269 1178 2354; x_wconf 90' lang='lat' dir='ltr'>respondeat</span> <span class='ocrx_word' id='word_1_164' title='bbox 1199 2268 1250 2335; x_wconf 84' lang='lat' dir='ltr'>rel</span> <span class='ocrx_word' id='word_1_165' title='bbox 1271 2271 1429 2350; x_wconf 82' lang='lat' dir='ltr'>rationem</span> <span class='ocrx_word' id='word_1_166' title='bbox 1450 2271 1611 2355; x_wconf 88' lang='lat' dir='ltr'>quandam</span> <span class='ocrx_word' id='word_1_167' title='bbox 1639 2272 1674 2337; x_wconf 93' lang='lat' dir='ltr'>in</span> <span class='ocrx_word' id='word_1_168' title='bbox 1693 2273 1860 2340; x_wconf 88' lang='lat' dir='ltr'>enuntiato</span> <span class='ocrx_word' id='word_1_169' title='bbox 1883 2275 2029 2361; x_wconf 79' lang='lat' dir='ltr'>designet</span> 
     </span>
     <span class='ocr_line' id='line_1_15' title="bbox 415 2385 2028 2482; baseline 0 -23"><span class='ocrx_word' id='word_1_170' title='bbox 415 2393 504 2477; x_wconf 77' lang='lat' dir='ltr'>(Huc</span> <span class='ocrx_word' id='word_1_171' title='bbox 525 2392 665 2478; x_wconf 90' lang='lat' dir='ltr'>pertinet</span> <span class='ocrx_word' id='word_1_172' title='bbox 684 2391 771 2457; x_wconf 89' lang='lat' dir='ltr'>locus</span> <span class='ocrx_word' id='word_1_173' title='bbox 793 2385 876 2454; x_wconf 88' lang='lat' dir='ltr'><strong>VIII</strong></span> <span class='ocrx_word' id='word_1_174' title='bbox 902 2387 942 2452; x_wconf 91' lang='grc'>66</span> <span class='ocrx_word' id='word_1_175' title='bbox 972 2409 1004 2472; x_wconf 93' lang='lat' dir='ltr'>p.</span> <span class='ocrx_word' id='word_1_176' title='bbox 1033 2387 1112 2452; x_wconf 81' lang='lat'>440:</span> <span class='ocrx_word' id='word_1_177' title='bbox 1139 2387 1227 2463; x_wconf 85' lang='lat' dir='ltr'>Quae</span> <span class='ocrx_word' id='word_1_178' title='bbox 1257 2387 1434 2472; x_wconf 79' lang='lat' dir='ltr'>[analogia]</span> <span class='ocrx_word' id='word_1_179' title='bbox 1465 2388 1492 2452; x_wconf 87' lang='lat' dir='ltr'>si</span> <span class='ocrx_word' id='word_1_180' title='bbox 1521 2393 1620 2468; x_wconf 87' lang='lat' dir='ltr'>esset,</span> <span class='ocrx_word' id='word_1_181' title='bbox 1645 2395 1768 2476; x_wconf 81' lang='lat' dir='ltr'>negant</span> <span class='ocrx_word' id='word_1_182' title='bbox 1792 2391 1892 2458; x_wconf 89' lang='lat' dir='ltr'>ullum</span> <span class='ocrx_word' id='word_1_183' title='bbox 1918 2414 2028 2482; x_wconf 77' lang='lat' dir='ltr'>ausum</span> 
     </span>
     <span class='ocr_line' id='line_1_16' title="bbox 416 2503 2026 2594; baseline 0.001 -18"><span class='ocrx_word' id='word_1_184' title='bbox 416 2510 538 2576; x_wconf 89' lang='lat' dir='ltr'>duobus</span> <span class='ocrx_word' id='word_1_185' title='bbox 559 2507 661 2574; x_wconf 88' lang='lat' dir='ltr'>modis</span> <span class='ocrx_word' id='word_1_186' title='bbox 682 2507 825 2572; x_wconf 82' lang='lat' dir='ltr'><strong>debuisse</strong></span> <span class='ocrx_word' id='word_1_187' title='bbox 846 2506 925 2582; x_wconf 90' lang='lat' dir='ltr'>dici;</span> <span class='ocrx_word' id='word_1_188' title='bbox 946 2527 1023 2570; x_wconf 86' lang='lat' dir='ltr'>nam</span> <span class='ocrx_word' id='word_1_189' title='bbox 1044 2505 1112 2570; x_wconf 92' lang='lat' dir='ltr'>sine</span> <span class='ocrx_word' id='word_1_190' title='bbox 1132 2503 1378 2589; x_wconf 84' lang='lat' dir='ltr'>reprehensione</span> <span class='ocrx_word' id='word_1_191' title='bbox 1406 2504 1500 2591; x_wconf 77' lang='lat' dir='ltr'>volgo</span> <span class='ocrx_word' id='word_1_192' title='bbox 1523 2505 1578 2570; x_wconf 90' lang='lat' dir='ltr'>alii</span> <span class='ocrx_word' id='word_1_193' title='bbox 1600 2505 1711 2572; x_wconf 88' lang='lat' dir='ltr'>dicunt</span> <span class='ocrx_word' id='word_1_194' title='bbox 1732 2507 1765 2571; x_wconf 91' lang='lat' dir='ltr'>in</span> <span class='ocrx_word' id='word_1_195' title='bbox 1788 2507 1943 2594; x_wconf 80' lang='lat' dir='ltr'><strong>singulari</strong></span> <span class='ocrx_word' id='word_1_196' title='bbox 1964 2511 2026 2578; x_wconf 89' lang='lat' dir='ltr'>hac</span> 
     </span>
     <span class='ocr_line' id='line_1_17' title="bbox 405 2620 2028 2709; baseline 0.004 -19"><span class='ocrx_word' id='word_1_197' title='bbox 405 2628 469 2693; x_wconf 86' lang='lat' dir='ltr'>ori</span> <span class='ocrx_word' id='word_1_198' title='bbox 502 2630 535 2692; x_wconf 90' lang='lat' dir='ltr'>et</span> <span class='ocrx_word' id='word_1_199' title='bbox 566 2625 628 2704; x_wconf 83' lang='lat' dir='ltr'>avi,</span> <span class='ocrx_word' id='word_1_200' title='bbox 659 2625 715 2691; x_wconf 92' lang='lat' dir='ltr'>alii</span> <span class='ocrx_word' id='word_1_201' title='bbox 745 2622 806 2690; x_wconf 88' lang='lat' dir='ltr'>hac</span> <span class='ocrx_word' id='word_1_202' title='bbox 839 2645 897 2689; x_wconf 85' lang='lat' dir='ltr'>ore</span> <span class='ocrx_word' id='word_1_203' title='bbox 934 2629 968 2688; x_wconf 90' lang='lat' dir='ltr'>et</span> <span class='ocrx_word' id='word_1_204' title='bbox 1000 2622 1081 2707; x_wconf 89' lang='lat' dir='ltr'>ave).</span> <span class='ocrx_word' id='word_1_205' title='bbox 1123 2620 1238 2707; x_wconf 88' lang='lat' dir='ltr'>Itaque</span> <span class='ocrx_word' id='word_1_206' title='bbox 1266 2642 1332 2687; x_wconf 91' lang='lat' dir='ltr'>nou</span> <span class='ocrx_word' id='word_1_207' title='bbox 1361 2624 1454 2689; x_wconf 91' lang='lat' dir='ltr'>modo</span> <span class='ocrx_word' id='word_1_208' title='bbox 1484 2645 1538 2688; x_wconf 85' lang='lat' dir='ltr'>sex</span> <span class='ocrx_word' id='word_1_209' title='bbox 1567 2645 1695 2690; x_wconf 87' lang='lat' dir='ltr'>casuum</span> <span class='ocrx_word' id='word_1_210' title='bbox 1723 2625 1967 2709; x_wconf 75' lang='lat' dir='ltr'>explicationem</span> <span class='ocrx_word' id='word_1_211' title='bbox 1995 2635 2028 2696; x_wconf 89' lang='lat' dir='ltr'>et</span> 
     </span>
     <span class='ocr_line' id='line_1_18' title="bbox 404 2739 2028 2832; baseline 0.001 -24"><span class='ocrx_word' id='word_1_212' title='bbox 404 2742 691 2832; x_wconf 82' lang='lat' dir='ltr'>enumerationem</span> <span class='ocrx_word' id='word_1_213' title='bbox 705 2740 789 2805; x_wconf 92' lang='lat' dir='ltr'>libri.</span> <span class='ocrx_word' id='word_1_214' title='bbox 799 2739 880 2806; x_wconf 90' lang='lat' dir='ltr'><strong>VIII</strong></span> <span class='ocrx_word' id='word_1_215' title='bbox 902 2743 942 2806; x_wconf 91' lang='grc'>16</span> <span class='ocrx_word' id='word_1_216' title='bbox 963 2745 1065 2807; x_wconf 87' lang='lat' dir='ltr'>totum</span> <span class='ocrx_word' id='word_1_217' title='bbox 1081 2739 1236 2806; x_wconf 83' lang='lat' dir='ltr'>Varronis</span> <span class='ocrx_word' id='word_1_218' title='bbox 1257 2740 1505 2826; x_wconf 88' lang='lat' dir='ltr'>necquidquam</span> <span class='ocrx_word' id='word_1_219' title='bbox 1522 2740 1743 2827; x_wconf 85' lang='lat' dir='ltr'>expellendum</span> <span class='ocrx_word' id='word_1_220' title='bbox 1757 2763 1832 2822; x_wconf 79' lang='lat' dir='ltr'>esse,</span> <span class='ocrx_word' id='word_1_221' title='bbox 1855 2743 1909 2809; x_wconf 89' lang='lat' dir='ltr'>sed</span> <span class='ocrx_word' id='word_1_222' title='bbox 1929 2744 2028 2810; x_wconf 88' lang='lat' dir='ltr'>etiam</span> 
     </span>
    </p>
   </div>
   <div class='ocr_carea' id='block_1_4' title="bbox 292 2855 2030 2946">
    <p class='ocr_par' dir='ltr' id='par_1_5' title="bbox 292 2855 2030 2946">
     <span class='ocr_line' id='line_1_19' title="bbox 292 2855 2030 2946; baseline 0.003 -22"><span class='ocrx_word' id='word_1_223' title='bbox 292 2855 293 2858; x_wconf 62' lang='grc'>’</span> <span class='ocrx_word' id='word_1_224' title='bbox 415 2859 495 2925; x_wconf 89' lang='lat' dir='ltr'>illud</span> <span class='ocrx_word' id='word_1_225' title='bbox 517 2861 653 2943; x_wconf 81' lang='lat' dir='ltr'>quicque</span> <span class='ocrx_word' id='word_1_226' title='bbox 674 2858 759 2944; x_wconf 88' lang='lat' dir='ltr'>quod</span> <span class='ocrx_word' id='word_1_227' title='bbox 780 2860 814 2924; x_wconf 91' lang='lat' dir='ltr'>in</span> <span class='ocrx_word' id='word_1_228' title='bbox 835 2857 1022 2924; x_wconf 80' lang='lat' dir='ltr'>Florentino</span> <span class='ocrx_word' id='word_1_229' title='bbox 1047 2858 1178 2943; x_wconf 87' lang='lat' dir='ltr'>aliisque</span> <span class='ocrx_word' id='word_1_230' title='bbox 1202 2857 1361 2924; x_wconf 76' lang='lat' dir='ltr'>codicibus</span> <span class='ocrx_word' id='word_1_231' title='bbox 1381 2880 1446 2924; x_wconf 91' lang='lat' dir='ltr'>non</span> <span class='ocrx_word' id='word_1_232' title='bbox 1467 2859 1601 2946; x_wconf 77' lang='lat' dir='ltr'>legitur,</span> <span class='ocrx_word' id='word_1_233' title='bbox 1629 2859 1770 2943; x_wconf 88' lang='lat' dir='ltr'>spurium</span> <span class='ocrx_word' id='word_1_234' title='bbox 1791 2862 1824 2924; x_wconf 88' lang='lat' dir='ltr'>et</span> <span class='ocrx_word' id='word_1_235' title='bbox 1846 2865 2030 2946; x_wconf 89' lang='lat' dir='ltr'>corruptum</span> 
     </span>
    </p>
   </div>
   <div class='ocr_carea' id='block_1_5' title="bbox 413 2973 2029 4235">
    <p class='ocr_par' dir='ltr' id='par_1_6' title="bbox 413 2973 2029 4235">
     <span class='ocr_line' id='line_1_20' title="bbox 420 2973 2029 3070; baseline 0.001 -28"><span class='ocrx_word' id='word_1_236' title='bbox 420 2977 575 3042; x_wconf 79' lang='lat' dir='ltr'>existimo.</span> <span class='ocrx_word' id='word_1_237' title='bbox 610 2973 952 3064; x_wconf 84' lang='lat' dir='ltr'>Scribenduinpotins:</span> <span class='ocrx_word' id='word_1_238' title='bbox 977 2975 1293 3070; x_wconf 40' lang='lat' dir='ltr'>[Sine&#39;controrersia</span> <span class='ocrx_word' id='word_1_239' title='bbox 1313 2975 1401 3058; x_wconf 89' lang='lat' dir='ltr'>sunt]</span> <span class='ocrx_word' id='word_1_240' title='bbox 1424 2978 1460 3040; x_wconf 79' lang='lat' dir='ltr'>ic</span> <span class='ocrx_word' id='word_1_241' title='bbox 1479 2995 1542 3041; x_wconf 81' lang='lat' dir='ltr'>usa</span> <span class='ocrx_word' id='word_1_242' title='bbox 1562 2975 1612 3041; x_wconf 85' lang='lat' dir='ltr'>vel</span> <span class='ocrx_word' id='word_1_243' title='bbox 1633 2975 1753 3056; x_wconf 81' lang='lat' dir='ltr'>utique.</span> <span class='ocrx_word' id='word_1_244' title='bbox 1785 2975 1858 3041; x_wconf 84' lang='lat' dir='ltr'>Tali</span> <span class='ocrx_word' id='word_1_245' title='bbox 1878 2977 1973 3042; x_wconf 90' lang='lat' dir='ltr'>modo</span> <span class='ocrx_word' id='word_1_246' title='bbox 1997 2982 2029 3043; x_wconf 88' lang='lat' dir='ltr'>et</span> 
     </span>
     <span class='ocr_line' id='line_1_21' title="bbox 415 3092 2028 3180; baseline -0.005 -12"><span class='ocrx_word' id='word_1_247' title='bbox 415 3097 509 3167; x_wconf 89' lang='lat' dir='ltr'>huius</span> <span class='ocrx_word' id='word_1_248' title='bbox 529 3098 591 3162; x_wconf 86' lang='lat' dir='ltr'>loci</span> <span class='ocrx_word' id='word_1_249' title='bbox 611 3096 768 3162; x_wconf 86' lang='lat' dir='ltr'>tolluntur</span> <span class='ocrx_word' id='word_1_250' title='bbox 790 3092 994 3162; x_wconf 86' lang='lat' dir='ltr'>difficultates</span> <span class='ocrx_word' id='word_1_251' title='bbox 1017 3098 1050 3161; x_wconf 88' lang='lat' dir='ltr'>et</span> <span class='ocrx_word' id='word_1_252' title='bbox 1071 3092 1226 3158; x_wconf 84' lang='lat' dir='ltr'>Varronis</span> <span class='ocrx_word' id='word_1_253' title='bbox 1247 3093 1345 3158; x_wconf 83' lang='lat' dir='ltr'>rerba</span> <span class='ocrx_word' id='word_1_254' title='bbox 1367 3093 1503 3160; x_wconf 88' lang='lat' dir='ltr'>cumeis</span> <span class='ocrx_word' id='word_1_255' title='bbox 1524 3113 1605 3176; x_wconf 89' lang='lat' dir='ltr'>quae</span> <span class='ocrx_word' id='word_1_256' title='bbox 1627 3093 1755 3178; x_wconf 90' lang='lat' dir='ltr'>reliquis</span> <span class='ocrx_word' id='word_1_257' title='bbox 1776 3092 1856 3160; x_wconf 88' lang='lat' dir='ltr'>locis</span> <span class='ocrx_word' id='word_1_258' title='bbox 1877 3093 2028 3180; x_wconf 81' lang='lat' dir='ltr'>leguntur</span> 
     </span>
     <span class='ocr_line' id='line_1_22' title="bbox 415 3203 2026 3296; baseline -0.003 -11"><span class='ocrx_word' id='word_1_259' title='bbox 415 3217 617 3286; x_wconf 86' lang='lat' dir='ltr'>conveniunt.</span> <span class='ocrx_word' id='word_1_260' title='bbox 639 3249 678 3262; x_wconf 93' lang='lat'>—</span> <span class='ocrx_word' id='word_1_261' title='bbox 699 3213 846 3280; x_wconf 80' lang='lat' dir='ltr'>Ceterum</span> <span class='ocrx_word' id='word_1_262' title='bbox 866 3212 887 3276; x_wconf 92' lang='lat' dir='ltr'>l.</span> <span class='ocrx_word' id='word_1_263' title='bbox 910 3233 936 3278; x_wconf 88' lang='lat' dir='ltr'>c.</span> <span class='ocrx_word' id='word_1_264' title='bbox 965 3211 1122 3296; x_wconf 90' lang='lat' dir='ltr'>duplicem</span> <span class='ocrx_word' id='word_1_265' title='bbox 1145 3232 1273 3276; x_wconf 89' lang='lat' dir='ltr'>casuum</span> <span class='ocrx_word' id='word_1_266' title='bbox 1295 3211 1564 3276; x_wconf 85' lang='lat' dir='ltr'>enumerationem</span> <span class='ocrx_word' id='word_1_267' title='bbox 1585 3232 1682 3295; x_wconf 86' lang='lat' dir='ltr'>quam</span> <span class='ocrx_word' id='word_1_268' title='bbox 1704 3210 1933 3278; x_wconf 89' lang='lat' dir='ltr'>Wilmannsius</span> <span class='ocrx_word' id='word_1_269' title='bbox 1954 3203 1975 3278; x_wconf 86' lang='lat' dir='ltr'>l</span> <span class='ocrx_word' id='word_1_270' title='bbox 1999 3237 2026 3281; x_wconf 88' lang='lat' dir='ltr'>c.</span> 
     </span>
     <span class='ocr_line' id='line_1_23' title="bbox 413 3327 2028 3420; baseline -0.002 -20"><span class='ocrx_word' id='word_1_271' title='bbox 413 3334 531 3420; x_wconf 84' lang='lat' dir='ltr'>premit</span> <span class='ocrx_word' id='word_1_272' title='bbox 549 3332 653 3398; x_wconf 84' lang='lat' dir='ltr'>Varro</span> <span class='ocrx_word' id='word_1_273' title='bbox 674 3353 739 3397; x_wconf 91' lang='lat' dir='ltr'>non</span> <span class='ocrx_word' id='word_1_274' title='bbox 761 3331 857 3410; x_wconf 84' lang='lat' dir='ltr'>dedit,</span> <span class='ocrx_word' id='word_1_275' title='bbox 880 3331 935 3395; x_wconf 90' lang='lat' dir='ltr'>sed</span> <span class='ocrx_word' id='word_1_276' title='bbox 956 3329 1050 3394; x_wconf 89' lang='lat' dir='ltr'>initio</span> <span class='ocrx_word' id='word_1_277' title='bbox 1073 3329 1250 3414; x_wconf 81' lang='lat' dir='ltr'>generatim</span> <span class='ocrx_word' id='word_1_278' title='bbox 1265 3327 1304 3392; x_wconf 90' lang='lat' dir='ltr'>da</span> <span class='ocrx_word' id='word_1_279' title='bbox 1319 3349 1449 3393; x_wconf 86' lang='lat' dir='ltr'>casumn</span> <span class='ocrx_word' id='word_1_280' title='bbox 1463 3327 1589 3393; x_wconf 87' lang='lat' dir='ltr'>ratione</span> <span class='ocrx_word' id='word_1_281' title='bbox 1603 3328 1728 3394; x_wconf 89' lang='lat' dir='ltr'>locutus</span> <span class='ocrx_word' id='word_1_282' title='bbox 1743 3328 1889 3414; x_wconf 79' lang='lat' dir='ltr'>singulos</span> <span class='ocrx_word' id='word_1_283' title='bbox 1901 3331 2028 3396; x_wconf 87' lang='lat' dir='ltr'>rettulit</span> 
     </span>
     <span class='ocr_line' id='line_1_24' title="bbox 414 3443 2025 3536; baseline -0.003 -18"><span class='ocrx_word' id='word_1_284' title='bbox 414 3453 474 3531; x_wconf 80' lang='lat' dir='ltr'>rel,</span> <span class='ocrx_word' id='word_1_285' title='bbox 493 3453 520 3518; x_wconf 89' lang='lat' dir='ltr'>si</span> <span class='ocrx_word' id='word_1_286' title='bbox 531 3451 644 3536; x_wconf 78' lang='lat' dir='ltr'>placet,</span> <span class='ocrx_word' id='word_1_287' title='bbox 663 3469 792 3515; x_wconf 89' lang='lat' dir='ltr'>casuum</span> <span class='ocrx_word' id='word_1_288' title='bbox 803 3447 1010 3532; x_wconf 84' lang='lat' dir='ltr'>explicationi</span> <span class='ocrx_word' id='word_1_289' title='bbox 1021 3446 1289 3512; x_wconf 85' lang='lat' dir='ltr'>enumerationem</span> <span class='ocrx_word' id='word_1_290' title='bbox 1302 3445 1427 3512; x_wconf 88' lang='lat' dir='ltr'>adiecit.</span> <span class='ocrx_word' id='word_1_291' title='bbox 1451 3443 1605 3512; x_wconf 83' lang='lat' dir='ltr'>Similiter</span> <span class='ocrx_word' id='word_1_292' title='bbox 1614 3443 1819 3530; x_wconf 82' lang='lat' dir='ltr'>paragrapho</span> <span class='ocrx_word' id='word_1_293' title='bbox 1831 3447 2025 3531; x_wconf 78' lang='lat' dir='ltr'>insequente,</span> 
     </span>
     <span class='ocr_line' id='line_1_25' title="bbox 415 3563 2027 3655; baseline 0 -21"><span class='ocrx_word' id='word_1_294' title='bbox 415 3573 584 3655; x_wconf 87' lang='lat' dir='ltr'>postquem</span> <span class='ocrx_word' id='word_1_295' title='bbox 604 3568 638 3631; x_wconf 93' lang='lat' dir='ltr'>in</span> <span class='ocrx_word' id='word_1_296' title='bbox 659 3566 764 3632; x_wconf 87' lang='lat' dir='ltr'>verbis</span> <span class='ocrx_word' id='word_1_297' title='bbox 785 3569 823 3630; x_wconf 90' lang='lat' dir='ltr'>ut</span> <span class='ocrx_word' id='word_1_298' title='bbox 843 3565 982 3650; x_wconf 88' lang='lat' dir='ltr'>pmdens</span> <span class='ocrx_word' id='word_1_299' title='bbox 1005 3563 1158 3630; x_wconf 87' lang='lat' dir='ltr'>candidus</span> <span class='ocrx_word' id='word_1_300' title='bbox 1179 3567 1324 3628; x_wconf 89' lang='lat' dir='ltr'>strenuus</span> <span class='ocrx_word' id='word_1_301' title='bbox 1346 3563 1529 3629; x_wconf 88' lang='lat' dir='ltr'>discrimina</span> <span class='ocrx_word' id='word_1_302' title='bbox 1548 3567 1680 3648; x_wconf 87' lang='lat' dir='ltr'>propter</span> <span class='ocrx_word' id='word_1_303' title='bbox 1709 3564 1940 3632; x_wconf 87' lang='lat' dir='ltr'>incrementum</span> <span class='ocrx_word' id='word_1_304' title='bbox 1961 3589 2027 3636; x_wconf 87' lang='lat' dir='ltr'>esse</span> 
     </span>
     <span class='ocr_line' id='line_1_26' title="bbox 417 3679 2028 3770; baseline 0 -19"><span class='ocrx_word' id='word_1_305' title='bbox 417 3686 502 3751; x_wconf 85' lang='lat' dir='ltr'>dixit</span> <span class='ocrx_word' id='word_1_306' title='bbox 521 3684 604 3770; x_wconf 91' lang='lat' dir='ltr'>quod</span> <span class='ocrx_word' id='word_1_307' title='bbox 625 3687 727 3749; x_wconf 90' lang='lat' dir='ltr'>maius</span> <span class='ocrx_word' id='word_1_308' title='bbox 747 3683 796 3748; x_wconf 85' lang='lat' dir='ltr'>vel</span> <span class='ocrx_word' id='word_1_309' title='bbox 817 3683 920 3747; x_wconf 89' lang='lat' dir='ltr'>minus</span> <span class='ocrx_word' id='word_1_310' title='bbox 940 3681 975 3744; x_wconf 90' lang='lat' dir='ltr'>in</span> <span class='ocrx_word' id='word_1_311' title='bbox 996 3679 1048 3744; x_wconf 90' lang='lat' dir='ltr'>his</span> <span class='ocrx_word' id='word_1_312' title='bbox 1069 3701 1135 3746; x_wconf 90' lang='lat' dir='ltr'>esse</span> <span class='ocrx_word' id='word_1_313' title='bbox 1156 3685 1279 3765; x_wconf 87' lang='lat' dir='ltr'>posset,</span> <span class='ocrx_word' id='word_1_314' title='bbox 1309 3701 1346 3744; x_wconf 86' lang='lat' dir='ltr'>ea</span> <span class='ocrx_word' id='word_1_315' title='bbox 1368 3679 1494 3764; x_wconf 86' lang='lat' dir='ltr'>singula</span> <span class='ocrx_word' id='word_1_316' title='bbox 1513 3681 1615 3764; x_wconf 92' lang='lat' dir='ltr'>ponit.</span> <span class='ocrx_word' id='word_1_317' title='bbox 1658 3680 1748 3757; x_wconf 79' lang='lat' dir='ltr'>Quod</span> <span class='ocrx_word' id='word_1_318' title='bbox 1775 3685 1940 3765; x_wconf 85' lang='lat' dir='ltr'>praeterea</span> <span class='ocrx_word' id='word_1_319' title='bbox 1967 3683 2028 3752; x_wconf 92' lang='lat' dir='ltr'>boc</span> 
     </span>
     <span class='ocr_line' id='line_1_27' title="bbox 415 3797 2026 3885; baseline -0.001 -17"><span class='ocrx_word' id='word_1_320' title='bbox 415 3799 486 3868; x_wconf 91' lang='lat' dir='ltr'>loco</span> <span class='ocrx_word' id='word_1_321' title='bbox 507 3823 572 3866; x_wconf 93' lang='lat' dir='ltr'>non</span> <span class='ocrx_word' id='word_1_322' title='bbox 594 3801 633 3866; x_wconf 88' lang='lat' dir='ltr'>de</span> <span class='ocrx_word' id='word_1_323' title='bbox 655 3821 692 3866; x_wconf 90' lang='lat' dir='ltr'>eo</span> <span class='ocrx_word' id='word_1_324' title='bbox 717 3799 772 3885; x_wconf 91' lang='lat' dir='ltr'>qui</span> <span class='ocrx_word' id='word_1_325' title='bbox 794 3803 923 3865; x_wconf 83' lang='lat' dir='ltr'>vocetur</span> <span class='ocrx_word' id='word_1_326' title='bbox 945 3799 998 3884; x_wconf 81' lang='lat' dir='ltr'>agi</span> <span class='ocrx_word' id='word_1_327' title='bbox 1011 3797 1157 3863; x_wconf 88' lang='lat' dir='ltr'>debuerit</span> <span class='ocrx_word' id='word_1_328' title='bbox 1167 3797 1221 3862; x_wconf 90' lang='lat' dir='ltr'>sed</span> <span class='ocrx_word' id='word_1_329' title='bbox 1232 3797 1386 3882; x_wconf 88' lang='lat' dir='ltr'>deeoqui</span> <span class='ocrx_word' id='word_1_330' title='bbox 1396 3802 1498 3876; x_wconf 78' lang='lat' dir='ltr'>vocet,</span> <span class='ocrx_word' id='word_1_331' title='bbox 1518 3798 1727 3863; x_wconf 86' lang='lat' dir='ltr'>reiciendum:</span> <span class='ocrx_word' id='word_1_332' title='bbox 1750 3799 1868 3863; x_wconf 89' lang='lat' dir='ltr'>etenim</span> <span class='ocrx_word' id='word_1_333' title='bbox 1887 3797 2026 3866; x_wconf 87' lang='lat' dir='ltr'>Varroni</span> 
     </span>
     <span class='ocr_line' id='line_1_28' title="bbox 417 3914 2027 4002; baseline -0.002 -18"><span class='ocrx_word' id='word_1_334' title='bbox 417 3919 457 3984; x_wconf 88' lang='lat' dir='ltr'>de</span> <span class='ocrx_word' id='word_1_335' title='bbox 486 3939 617 3984; x_wconf 86' lang='lat' dir='ltr'>casuum·</span> <span class='ocrx_word' id='word_1_336' title='bbox 644 3916 877 3983; x_wconf 79' lang='lat' dir='ltr'>discriminibus</span> <span class='ocrx_word' id='word_1_337' title='bbox 907 3917 1016 4002; x_wconf 80' lang='lat' dir='ltr'>agenti</span> <span class='ocrx_word' id='word_1_338' title='bbox 1044 3919 1118 3981; x_wconf 90' lang='lat' dir='ltr'>utut</span> <span class='ocrx_word' id='word_1_339' title='bbox 1146 3915 1266 4001; x_wconf 90' lang='lat' dir='ltr'>optime</span> <span class='ocrx_word' id='word_1_340' title='bbox 1293 3914 1396 3980; x_wconf 83' lang='lat' dir='ltr'>visum</span> <span class='ocrx_word' id='word_1_341' title='bbox 1424 3935 1462 3979; x_wconf 86' lang='lat' dir='ltr'>ea</span> <span class='ocrx_word' id='word_1_342' title='bbox 1490 3915 1647 3999; x_wconf 84' lang='lat' dir='ltr'>explicare</span> <span class='ocrx_word' id='word_1_343' title='bbox 1674 3915 1800 3981; x_wconf 77' lang='lat' dir='ltr'>licebat</span> <span class='ocrx_word' id='word_1_344' title='bbox 1822 3915 2027 4001; x_wconf 87' lang='lat' dir='ltr'>-Denique</span> 
     </span>
     <span class='ocr_line' id='line_1_29' title="bbox 418 4030 2029 4121; baseline -0.001 -23"><span class='ocrx_word' id='word_1_345' title='bbox 418 4033 633 4121; x_wconf 79' lang='lat' dir='ltr'>fragmentum</span> <span class='ocrx_word' id='word_1_346' title='bbox 662 4034 746 4118; x_wconf 90' lang='lat' dir='ltr'>quod</span> <span class='ocrx_word' id='word_1_347' title='bbox 776 4033 860 4119; x_wconf 89' lang='lat' dir='ltr'>apud</span> <span class='ocrx_word' id='word_1_348' title='bbox 882 4033 1070 4098; x_wconf 87' lang='lat' dir='ltr'>Diomedem</span> <span class='ocrx_word' id='word_1_349' title='bbox 1091 4036 1124 4098; x_wconf 87' lang='lat' dir='ltr'>et</span> <span class='ocrx_word' id='word_1_350' title='bbox 1146 4031 1343 4097; x_wconf 86' lang='lat' dir='ltr'>Prisciannm</span> <span class='ocrx_word' id='word_1_351' title='bbox 1366 4031 1500 4118; x_wconf 78' lang='lat' dir='ltr'>legimns</span> <span class='ocrx_word' id='word_1_352' title='bbox 1522 4035 1555 4097; x_wconf 90' lang='lat' dir='ltr'>et</span> <span class='ocrx_word' id='word_1_353' title='bbox 1575 4030 1805 4098; x_wconf 86' lang='lat' dir='ltr'>Wilmannsius</span> <span class='ocrx_word' id='word_1_354' title='bbox 1826 4032 1847 4098; x_wconf 91' lang='lat' dir='ltr'>l.</span> <span class='ocrx_word' id='word_1_355' title='bbox 1869 4032 1889 4096; x_wconf 93' lang='lat' dir='ltr'>l.</span> <span class='ocrx_word' id='word_1_356' title='bbox 1911 4056 1943 4118; x_wconf 90' lang='lat' dir='ltr'>p.</span> <span class='ocrx_word' id='word_1_357' title='bbox 1966 4033 2029 4097; x_wconf 78' lang='lat'>223</span> 
     </span>
     <span class='ocr_line' id='line_1_30' title="bbox 417 4143 1944 4235; baseline 0.001 -20"><span class='ocrx_word' id='word_1_358' title='bbox 417 4156 477 4231; x_wconf 88' lang='lat' dir='ltr'>(nr.</span> <span class='ocrx_word' id='word_1_359' title='bbox 501 4150 574 4235; x_wconf 86' lang='lat'>111)</span> <span class='ocrx_word' id='word_1_360' title='bbox 596 4152 736 4218; x_wconf 87' lang='lat' dir='ltr'>incertae</span> <span class='ocrx_word' id='word_1_361' title='bbox 758 4150 840 4216; x_wconf 90' lang='lat' dir='ltr'>sedis</span> <span class='ocrx_word' id='word_1_362' title='bbox 861 4150 1026 4229; x_wconf 82' lang='lat' dir='ltr'>iudicavit,</span> <span class='ocrx_word' id='word_1_363' title='bbox 1047 4150 1118 4216; x_wconf 93' lang='lat' dir='ltr'>loco</span> <span class='ocrx_word' id='word_1_364' title='bbox 1139 4148 1170 4214; x_wconf 92' lang='lat' dir='ltr'>X</span> <span class='ocrx_word' id='word_1_365' title='bbox 1190 4149 1231 4213; x_wconf 83' lang='lat'>62</span> <span class='ocrx_word' id='word_1_366' title='bbox 1254 4153 1373 4215; x_wconf 83' lang='lat' dir='ltr'>certem</span> <span class='ocrx_word' id='word_1_367' title='bbox 1394 4143 1512 4214; x_wconf 79' lang='lat' dir='ltr'>habere</span> <span class='ocrx_word' id='word_1_368' title='bbox 1533 4149 1640 4214; x_wconf 89' lang='lat' dir='ltr'>sedem</span> <span class='ocrx_word' id='word_1_369' title='bbox 1660 4147 1798 4214; x_wconf 83' lang='lat' dir='ltr'>breviter</span> <span class='ocrx_word' id='word_1_370' title='bbox 1819 4169 1944 4218; x_wconf 89' lang='lat' dir='ltr'>moneo.</span> 
     </span>
    </p>
   </div>
   <div class='ocr_carea' id='block_1_6' title="bbox 0 0 2352 5792">
    <p class='ocr_par' dir='ltr' id='par_1_7' title="bbox 0 0 2352 5792">
     <span class='ocr_line' id='line_1_31' title="bbox 0 0 2352 5792; baseline 0 0"><span class='ocrx_word' id='word_1_371' title='bbox 0 0 2352 5792; x_wconf 95' lang='lat' dir='ltr'> </span> 
     </span>
    </p>
   </div>
  </div>
 </body>
</html>
