4684 5792
1092 699 1133 763 23

1014 789 1214 802 mm

780 908 852 992 De
882 905 1027 992 libris
1059 907 1178 992 VIII
1209 906 1350 991 VIIII
1380 907 1439 991 X.

409 1075 478 1153 Quo
499 1081 595 1160 pacto
614 1075 769 1143 vocabula
790 1075 948 1141 declinata
969 1076 1003 1140 iu
1025 1074 1207 1142 discrimina
1227 1075 1367 1154 ivissent,
1389 1073 1493 1142 Varro
1514 1074 1564 1142 his
1586 1075 1677 1142 libris
1698 1077 1753 1161 qui
1769 1078 1906 1162 priorem

308 1190 464 1256 secundae
485 1188 617 1256 bexadis
638 1195 763 1276 partem
784 1190 1058 1275 amplectebantur
1079 1211 1151 1255 cum
1173 1189 1389 1256 demonstrare
1408 1189 1512 1271 vellet,
1534 1190 1751 1258 discriminum
1765 1192 1906 1260 rationes

310 1313 376 1374 tres
399 1306 530 1384 statuit,
553 1327 623 1372 cur
644 1310 677 1371 et
696 1326 774 1391 quo
802 1309 837 1372 at
865 1304 1210 1390 quemadmodum}
1231 1305 1265 1370 in
1285 1305 1443 1390 loquendo
1464 1305 1624 1372 declinata
1645 1307 1710 1372 sint
1729 1307 1844 1386 rerba;
1867 1307 1906 1375 de

310 1423 424 1507 quibus
452 1421 515 1486 duo
542 1422 646 1506 prima
677 1422 799 1487 duabus
827 1421 943 1488 caussis
970 1421 1109 1486 breviter
1136 1419 1308 1505 percurrit,
1340 1419 1426 1505 quod
1457 1420 1517 1486 sibi
1549 1420 1589 1486 de
1617 1421 1709 1506 copia
1736 1421 1904 1487 verborum

311 1536 465 1621 scripturo
485 1536 722 1602 retractandum
742 1537 794 1616 sit,
815 1542 849 1603 et
870 1535 955 1622 quod
975 1540 1009 1601 et
1022 1535 1062 1600 de
1075 1535 1177 1600 tribus
1191 1537 1321 1600 tertium
1336 1536 1421 1620 quod
1436 1541 1493 1616 eat,
1513 1535 1633 1602 habeut
1647 1559 1718 1602 suas
1732 1536 1907 1622 permultas

313 1673 351 1718 ac
376 1671 508 1738 magnas
535 1655 651 1736 partes.
695 1649 822 1719 Accidit
847 1649 1044 1718 incommode
1069 1649 1212 1734 quidem,
1240 1655 1277 1715 ut
1301 1650 1391 1715 libris
1419 1649 1458 1716 de
1487 1651 1579 1737 copia
1606 1652 1774 1718 verborum
1801 1651 1907 1717 orbati

312 1765 415 1845 simus,
437 1766 570 1852 ideoque
590 1765 745 1832 Varronis
765 1767 966 1846 sententiam,
988 1788 1044 1832 cur
1064 1770 1098 1831 et
1119 1786 1182 1848 quo
1204 1766 1348 1832 extiterit
1361 1766 1528 1832 verborum
1542 1765 1724 1848 declinatio,
1744 1767 1907 1852 integram

311 1901 498 1967 cognoscere
518 1903 582 1946 non
603 1882 767 1966 possimus.
810 1883 856 1947 At
876 1881 1032 1948 mirabere
1053 1878 1198 1965 inprimis
1217 1877 1395 1946 Varronem
1417 1881 1455 1946 de
1477 1881 1742 1948 declinationibus
1763 1881 1907 1967 disputa-

309 2000 416 2060 turum
437 1996 571 2061 alteram
592 1996 681 2062 illam
701 2001 827 2082 partem
855 1997 895 2062 de
915 1996 1025 2062 formis
1052 1997 1085 2060 in
1115 2017 1193 2080 quas
1222 1997 1319 2062 rerba
1346 1996 1505 2063 declinata
1534 1998 1613 2076 sint,
1642 1997 1746 2064 obiter
1775 2001 1903 2063 tautum

308 2111 538 2196 perstrinxisse.
582 2113 682 2198 Atqui
703 2111 742 2178 de
763 2113 873 2178 formis
896 2112 1142 2180 declinationum
1163 2113 1225 2178 rite
1247 2113 1300 2198 agi
1322 2112 1435 2197 nequit
1456 2112 1532 2198 quin
1548 2112 1702 2198 'singulae
1722 2113 1817 2198 plane
1839 2113 1904 2177 sint

308 2226 480 2310 expositae.
523 2226 625 2304 Quare
645 2227 727 2294 nihil
748 2229 853 2314 aptius
874 2233 908 2294 et
928 2227 1031 2313 magis
1054 2227 1263 2295 neceesarium
1285 2227 1325 2292 ad
1347 2227 1504 2292 rationem
1524 2249 1587 2312 qua
1607 2231 1717 2292 utatur
1739 2227 1906 2292 verborum

310 2339 479 2406 declinatio
500 2343 732 2428 explanandam
753 2365 850 2427 quam
873 2344 1109 2411 accuratissima
1136 2343 1311 2408 formarum
1338 2344 1372 2407 in
1401 2364 1479 2427 quas
1509 2344 1708 2410 declinantur
1736 2343 1906 2428 descriptio

310 2458 405 2540 etque
427 2456 600 2542 dispositio.
643 2457 739 2524 Ratio
760 2459 913 2544 ipsaque
933 2457 1037 2525 Varro
1060 2459 1094 2525 in
1114 2458 1213 2524 tertia
1232 2457 1449 2524 discriminum
1469 2462 1561 2542 parte
1581 2457 1751 2523 macmnda
1763 2460 1906 2522 versatus

310 2574 358 2634 est
378 2570 448 2637 luce
476 2572 590 2638 clarius
618 2572 725 2652 docet,
754 2578 950 2659 quantopere
977 2573 1057 2640 illud
1084 2574 1132 2639 rei
1161 2578 1257 2659 caput
1284 2574 1334 2639 sit
1377 2572 1505 2640 Etenim
1534 2573 1568 2637 in
1595 2572 1761 2638 sententiis
1780 2576 1813 2638 et
1843 2573 1906 2638 suis

182 2681 184 2686 ’
309 2687 636 2773 consentientiumque
656 2690 782 2781 tuendis
804 2693 837 2756 εδ
857 2690 892 2755 in
913 2691 1165 2756 adversariorum
1186 2688 1363 2755 refutandis
1395 2688 1435 2754 ad
1465 2688 1715 2754 declinationum
1735 2688 1853 2754 formas
1876 2688 1906 2753 ei

310 2822 431 2885 semper
450 2802 682 2886 respiciendum
704 2803 782 2882 fuit3
804 2805 845 2870 ab
866 2805 929 2870 illis
950 2805 1139 2891 profiscitur,
1162 2806 1203 2870 ad
1224 2805 1296 2870 illas
1317 2804 1402 2869 redit
1423 2803 1524 2870 omnis
1547 2803 1729 2889 disputatio.
1744 2840 1785 2852 -
1798 2802 1905 2870 Decli-

307 2915 470 2981 nationem
491 2916 654 2984 inductam
675 2923 770 3004 putat
789 2921 824 2984 in
845 2940 1004 2986 sermones
1025 2943 1090 2986 non
1112 2921 1212 2987 solum
1231 2921 1349 2986 latinos
1377 2919 1433 2986 sed
1453 2923 1594 2986 omnium
1615 2919 1780 2984 hominum
1801 2918 1905 2984 ntili

309 3034 342 3094 et
361 3034 597 3098 necessaria
618 3034 657 3099 de
680 3056 842 3100 caussa:
863 3035 926 3099 nisi
947 3037 1033 3101 enirn
1054 3036 1101 3102 ita
1122 3045 1204 3100 esset
1224 3035 1354 3114 factum,
1376 3035 1520 3100 futurum
1536 3055 1601 3100 esse
1619 3038 1656 3099 ut
1668 3055 1769 3119 neque
1787 3034 1905 3100 discere

307 3149 435 3210 tantum
445 3169 611 3214 numerum
622 3149 788 3214 verborum
798 3171 958 3235 possemne
973 3149 1129 3232 (infinitas
1143 3151 1229 3216 enim
1243 3171 1310 3216 esse
1324 3155 1464 3229 naturas,
1476 3149 1599 3234 inques
1610 3171 1648 3214 ea
1658 3146 1905 3232 declinarentur)

307 3282 408 3346 neque
418 3284 499 3347 quae
510 3264 735 3346 didicissemus,
758 3263 867 3344 erbis,
888 3287 970 3350 quae
980 3266 1063 3332 inter
1074 3287 1107 3331 se
1117 3285 1224 3330 rerum
1234 3266 1383 3352 cognatio
1398 3268 1481 3330 esset
1491 3267 1660 3350 appareret
1672 3261 1765 3348 (VIII
1780 3264 1795 3326 l
1809 3262 1901 3348 sqq).

306 3375 375 3453 Quo
396 3379 430 3442 in
451 3378 566 3445 iudicio
587 3381 693 3446 nescio
714 3403 757 3446 an
776 3381 931 3448 Varronis
952 3382 1137 3468 simplicitas
1158 3378 1300 3445 notanda
1320 3381 1427 3464 potius
1448 3399 1545 3463 qnam
1564 3379 1755 3462 perversitas
1777 3378 1902 3463 vitupe-

305 3493 406 3557 randa
427 3495 478 3560 sit
521 3493 652 3560 Minime
675 3496 797 3562 utilitas
820 3497 975 3581 quaedam
997 3501 1031 3562 et
1052 3497 1221 3563 memoriae
1241 3493 1410 3576 infirmitas
1431 3493 1677 3560 declinationum
1690 3492 1850 3557 inventrix
1871 3496 1905 3557 et

306 3609 461 3692 magistra
483 3609 633 3690 ducenda,
656 3632 765 3677 verum
784 3611 868 3678 ratio
887 3613 957 3697 ipsa
978 3613 1092 3678 mentis
1112 3609 1279 3677 humanae.
1322 3608 1402 3675 Inde
1423 3610 1525 3675 omnis
1547 3610 1676 3675 omnino
1690 3610 1793 3673 oratio
1816 3607 1906 3675 ducit

306 3723 472 3810 originem.
514 3726 676 3791 Animalia
697 3727 782 3792 enim
802 3749 883 3812 quae
913 3731 1019 3793 mente
1048 3726 1194 3813 praedita
1220 3748 1286 3791 non
1314 3730 1401 3804 sunt,
1432 3729 1543 3791 carent
1572 3724 1732 3802 oratione;
1761 3722 1905 3790 homines

305 3841 419 3924 quibus
440 3839 549 3906 divina
569 3841 625 3906 illa
645 3842 768 3928 ingenii
790 3843 838 3908 vis
852 3843 965 3909 innata
981 3846 1029 3909 est
1043 3843 1200 3908 locuntur.
1228 3840 1311 3906 Item
1326 3840 1575 3908 declinationum
1589 3839 1780 3925 principium
1793 3839 1905 3905 eadem

306 3956 422 4021 mentis
442 3960 567 4037 natura,
589 3958 676 4023 euius
696 3979 759 4043 quo
780 3958 883 4044 magis
905 3957 1014 4023 extitit
1035 3957 1151 4022 eximia
1171 3956 1328 4042 quaedam
1358 3978 1395 4022 ao
1421 3956 1590 4042 singularis
1618 3955 1843 4035 conformatio,
1866 3977 1904 4022 eo

307 4070 406 4134 maior
427 4075 499 4137 orta
519 4076 568 4138 est
589 4072 837 4139 declinationum
861 4073 999 4138 venetas
1028 4079 1061 4140 εδ
1090 4071 1189 4156 copia.
1230 4070 1345 4157 Itaque
1374 4071 1507 4157 populos
1536 4076 1676 4157 agrestes
1706 4075 1739 4136 εδ
1767 4070 1904 4137 incultos

304 4183 414 4268 priscis
434 4187 497 4252 illis
517 4188 712 4273 temporibus
732 4188 892 4254 nascentis
912 4192 949 4253 ut
970 4188 1018 4254 ita
1042 4188 1147 4256 dicam
1173 4188 1320 4273 linguae,
1350 4187 1463 4272 quibus
1493 4169 1650 4273 genuinae
1679 4186 1903 4254 uocabulorum

303 4300 458 4388 imagines
479 4306 513 4367 et
534 4303 603 4367 soni
626 4303 793 4369 etiamtum
813 4303 975 4390 vigebant,
998 4307 1152 4389 porroet
1180 4301 1405 4369 vocabulorum
1432 4306 1466 4368 et
1494 4302 1742 4368 declinationum
1770 4323 1903 4367 numero

233 4483 239 4492 ,
303 4399 351 4482 uti
372 4417 530 4495 ridemus3
553 4439 687 4502 quorum
708 4441 783 4486 vero
804 4419 935 4507 ingenia
955 4421 1041 4487 ritae
1062 4439 1178 4507 genere
1208 4422 1241 4483 et
1268 4417 1527 4503 occupationibus
1557 4420 1591 4482 et
1617 4417 1759 4483 locorum
1786 4421 1904 4483 natura

302 4536 336 4597 et
358 4531 451 4597 rebus
472 4533 571 4617 gestis
591 4533 802 4614 acuebantur,
831 4539 864 4600 et
889 4534 1115 4602 vocabulorum
1135 4534 1338 4602 multitudine
1365 4538 1398 4599 et
1426 4511 1676 4599 declinationum
1706 4533 1903 4599 abundantia

303 4645 416 4712 ceteris
428 4647 574 4713 omnibus
585 4648 790 4718 antecellunt
811 4649 980 4716 Formas
1000 4650 1041 4715 in
1060 4672 1159 4735 quas
1178 4648 1332 4716 vocabula
1343 4648 1496 4716 declinari
1506 4647 1666 4714 voluerint
1676 4653 1734 4714 aut
1742 4648 1904 4714 noluerint

303 4759 413 4826 Latini
427 4764 588 4849 explicans
602 4761 706 4830 Varro
721 4761 800 4830 VIII
815 4765 835 4830 9
850 4787 882 4850 p.
897 4763 958 4831 397
974 4787 1040 4851 sqq.
1057 4766 1187 4831 omniuo
1202 4765 1265 4830 dno
1286 4764 1438 4834 discernit
1457 4764 1625 4831 verborum
1647 4785 1781 4850 genera:
1804 4785 1902 4830 unum
