4684 5792
48 4717 69 4773 b

1114 823 1134 888 9

1024 909 1225 927 m

321 1022 559 1110 prolubidinem
586 1021 665 1090 item
693 1043 712 1086 a
740 1020 878 1088 lubeudo
905 1019 1078 1088 secundum
1097 1016 1275 1088 Varronem
1301 1020 1436 1086 traxisse
1465 1020 1621 1110 originem
1641 1021 1765 1090 Nonius
1785 1025 1928 1092 conicere

320 1143 459 1226 poterat,
481 1161 552 1207 enm
567 1136 671 1206 Varro
686 1141 812 1225 praeter
824 1137 999 1204 lubidinem
1021 1139 1067 1205 sie
1088 1138 1152 1204 ulia
1167 1136 1241 1204 inde
1255 1136 1343 1204 dicad
1358 1137 1533 1214 declinata3
1554 1143 1624 1204 tum
1637 1137 1762 1206 Nonius
1776 1139 1930 1207 librorum

323 1277 489 1323 numerum
510 1255 598 1341 prius
620 1254 786 1342 vulgatum
807 1252 933 1320 ridetur
953 1255 1052 1340 sequi
1088 1254 1200 1320 Altero
1220 1254 1305 1321 euim
1325 1253 1394 1322 loco
1414 1253 1462 1320 IV
1483 1255 1546 1321 384
1565 1278 1597 1342 p.
1618 1256 1681 1322 376
1701 1255 1832 1324 Mercer.
1854 1279 1878 1324 s.
1900 1279 1929 1324 ι.

312 1373 474 1456 ,protinus
503 1371 634 1458 nescu)
661 1371 798 1458 prolert:
824 1369 937 1451 ‚Varro
966 1370 1065 1436 etiam
1093 1370 1133 1437 de
1158 1372 1180 1436 l.
1207 1371 1229 1437 l
1256 1371 1339 1438 libro
1367 1369 1414 1436 VI
1441 1372 1492 1438 vel
1518 1373 1680 1458 protinam
1707 1373 1757 1439 vel
1785 1375 1930 1460 protinus

322 1488 564 1556 continuatione
577 1488 628 1556 vel
640 1487 832 1576 praeteritae
845 1488 897 1554 rel
917 1487 1045 1554 futurae
1065 1487 1274 1575 longitudinis
1296 1487 1394 1556 dicit‘
1426 1487 1579 1574 Respexit
1602 1493 1708 1555 antem
1729 1489 1770 1555 ad
1792 1510 1829 1555 ea
1850 1511 1931 1574 quae

325 1625 410 1672 nnnc
437 1605 587 1692 leguntur
614 1606 696 1672 libro
718 1603 863 1672 Vll107
891 1627 922 1691 p.
946 1605 1023 1672 101:
1055 1603 1103 1686 ‚lu
1124 1604 1341 1692 Lampadione
1362 1603 1478 1690 (Naevi
1489 1605 1532 1691 ι1)
1555 1607 1716 1692 protinam
1737 1607 1930 1693 aprutium,

319 1722 567 1788 continuitatem
588 1721 791 1808 significans?
823 1720 924 1799 Quem
944 1719 1099 1788 Varronis
1119 1721 1224 1789 locum
1244 1723 1325 1790 sicut
1345 1722 1481 1788 alterum
1502 1720 1641 1788 aNonio
1656 1744 1722 1788 non
1744 1722 1931 1790 adverbum

324 1838 550 1924 transcriptum
568 1859 636 1906 esse
657 1840 692 1906 in
711 1839 882 1927 propatulo
898 1843 957 1906 est.
968 1840 1010 1925 ¹⁸)
1039 1837 1269 1908 Verumtamen
1281 1839 1365 1906 alter
1378 1837 1434 1905 ille
1446 1839 1533 1907 locus
1546 1841 1612 1906 sire
1626 1861 1666 1905 er
1681 1843 1796 1925 quarto
1810 1839 1876 1904 sire
1892 1859 1931 1904 ex

318 1958 413 2020 sexto
433 1960 471 2021 ut
484 1955 564 2022 mihi
576 1955 683 2041 placet
700 1954 849 2024 Varronis
871 1956 952 2022 libro
974 1955 1178 2043 depromptus
1199 1960 1257 2036 cst
1279 1955 1360 2022 nihil
1380 1955 1443 2020 uisi
1464 1955 1561 2023 trium
1579 1957 1747 2024 verborum
1761 1979 1781 2022 a
1793 1955 1931 2021 lnbendo

323 2068 554 2138 declinatorum
582 2073 791 2158 veriloquium
820 2072 979 2153 continet,
1007 2073 1055 2139 ita
1082 2076 1119 2139 nt
1147 2072 1221 2138 libri
1251 2075 1475 2159 argumentum
1501 2074 1683 2139 universum
1704 2073 1743 2139 de
1764 2071 1932 2138 verborum

318 2187 535 2256 declinatione
555 2189 651 2256 fnisse
673 2189 924 2275 necquidquam
944 2190 1079 2276 amplius
1101 2189 1223 2276 probet

423 2304 555 2372 Praetor
582 2307 645 2372 tria
674 2329 755 2392 qnae
776 2327 871 2393 sopra
891 2307 982 2394 posui
1003 2307 1186 2393 fragmenta
1205 2305 1280 2371 libri
1300 2305 1350 2372 111
1371 2305 1472 2372 ineis
1493 2309 1550 2393 qui
1570 2311 1719 2374 secuntur
1739 2306 1829 2372 libris
1851 2327 1932 2372 unns

323 2419 410 2502 locus
430 2421 505 2488 novi
520 2421 640 2508 aliquid
654 2423 748 2490 affert
770 2445 942 2509 ensemque
957 2424 1014 2489 dat
1028 2423 1070 2488 ed
1090 2424 1248 2490 rationem
1262 2445 1358 2510 quam
1371 2421 1475 2492 Varro
1495 2425 1530 2490 in
1551 2424 1641 2490 libris
1663 2423 1785 2490 11-1v
1806 2427 1932 2490 secutus

324 2539 372 2602 est
392 2539 571 2621 generatim
591 2539 821 2626 explicandam.
858 2540 957 2608 Libro
974 2539 1040 2608 Vb
1062 2564 1094 2627 p.
1116 2541 1156 2606 16
1173 2539 1253 2608 haee
1267 2539 1433 2628 leguntur:
1455 2540 1504 2622 ‚ln
1525 2541 1751 2609 consuetudine
1773 2540 1932 2608 communi

316 2658 401 2737 quot
421 2654 524 2721 medis
543 2655 723 2724 litterarum
743 2658 940 2725 conmutatio
949 2657 1032 2745 (Fr.)
1054 2659 1096 2726 sit
1116 2660 1203 2726 tacta
1223 2658 1279 2743 qui
1299 2657 1570 2738 animadverterit,
1591 2656 1714 2725 lucilius
1736 2679 1769 2724 se
1789 2654 1858 2741 (Fr.
1873 2674 1931 2720 osta

324 2767 382 2854 ol.)
403 2770 537 2836 scrutari
557 2773 697 2859 origines
707 2773 848 2859 patietur
858 2775 1042 2854 rerbornm3
1063 2776 1199 2862 reperiet
1216 2775 1301 2842 enim
1312 2779 1593 2856 essecommutata,
1614 2779 1657 2841 ut
1676 2776 1718 2841 in
1739 2774 1932 2861 superio-

324 2884 439 2953 ribus
460 2887 584 2954 libris
610 2890 794 2970 ostendi,
824 2892 961 2959 maxime
982 2896 1112 2980 propter
1133 2893 1182 2959 bis
1202 2897 1374 2979 quaternas
1395 2915 1530 2961 caussas.
1573 2892 1767 2960 Litterarum
1788 2892 1873 2958 enim
1893 2889 1931 2954 lit

322 3001 506 3090 demptione
520 3010 577 3072 aut
591 3004 763 3088 additione,
775 3012 809 3074 et
818 3013 949 3094 propter
963 3030 1071 3076 earum
1085 3007 1318 3076 admotionem
1327 3009 1397 3096 (Fr.
1415 3011 1640 3078 tractationem
1654 3010 1865 3077 motatorem
1874 3007 1931 3092 ol.)

323 3125 380 3186 aut
401 3125 691 3204 commutationem,
712 3126 789 3192 item
804 3125 998 3226 syllabarum
1012 3125 1221 3212 productione
1237 3127 1308 3220 [aut
1330 3129 1537 3213 correptione,
1559 3125 1695 3212 deniqne
1717 3175 1725 3193 .
1747 3175 1755 3191 .
1778 3173 1786 3190 .
1808 3173 1816 3190 .
1838 3125 1931 3206 one]:

316 3240 565 3324 quaequoniam
584 3241 842 3329 insuperioribns
858 3244 958 3324 libris,
980 3243 1179 3330 quoiusmodi
1190 3243 1259 3330 (qui
1278 3244 1453 3312 cuiusmodi
1462 3243 1518 3311 Fr.
1540 3243 1580 3311 ot.
1593 3242 1741 3330 Spengel
1762 3265 1794 3328 p.
1807 3242 1845 3308 17
1868 3240 1931 3325 od)

323 3359 437 3436 esent,
459 3357 536 3422 satis
558 3357 782 3442 demonstravi,
804 3360 857 3428 hic
877 3360 1140 3430 commonendum
1160 3361 1254 3427 medo
1275 3383 1343 3427 esse
1362 3361 1494 3447 putari‘

423 3469 613 3560 Spengslius
633 3497 665 3560 p.
686 3475 709 3546 l.
729 3477 834 3547 locum
855 3478 989 3546 duorum
1013 3479 1181 3546 verborum
1203 3479 1451 3564 transpositione
1470 3477 1649 3545 sanandum
1669 3477 1860 3553 arbitratum
1881 3474 1932 3540 in·

320 3607 391 3652 esse
420 3591 505 3656 enim
532 3594 774 3660 commutationi
798 3596 962 3662 notionem
988 3596 1169 3682 generalem
1189 3597 1278 3663 cuins
1299 3595 1442 3662 diversae
1463 3617 1500 3662 ec
1522 3595 1628 3662 variae
1649 3595 1714 3661 sint
1736 3593 1872 3680 speeies,
1895 3597 1933 3658 ut

317 3702 465 3792 demptio
494 3708 616 3776 additio
645 3715 707 3780 cet.
748 3712 853 3789 Quare
881 3713 926 3780 sic
954 3714 984 3780 ei
1010 3712 1136 3780 videtur
1163 3712 1351 3799 legendum:
1373 3713 1573 3780 Macronem
1595 3709 1735 3792 enimfit
1756 3709 1932 3792 desertione

317 3828 379 3888 aar
399 3825 564 3892 additione
583 3833 613 3894 er
617 3834 754 3912 propter
773 3851 885 3897 cerum
906 3831 1136 3898 adtremere»
1155 3835 1185 3896 et
1203 3829 1463 3913 moderationem
1482 3829 1557 3896 den
1578 3827 1779 3914 mundorum
1798 3845 1936 3894 comm

321 3941 447 4007 tutione.
471 3979 511 3994 -
531 3944 703 4013 Muellerus
722 3949 789 4035 p.3
811 3949 860 4016 ed.
881 3949 1029 4016 lacnnmn
1050 3948 1139 4014 libris
1160 3969 1232 4013 mse
1254 3947 1356 4013 inesse
1379 3950 1522 4013 statuens
1541 3945 1638 4013 verbu
1659 3945 1749 4012 uncis
1770 3942 1932 4030 angulatis

318 4077 416 4144 supra
438 4059 559 4130 inclusa
579 4064 685 4131 serbis
705 4065 859 4134 librorum
876 4055 952 4133 mss.
974 4064 1107 4132 addidit.
1149 4065 1311 4132 Lacunam
1326 4087 1365 4130 ex
1378 4069 1470 4151 parte
1484 4085 1518 4132 se
1534 4063 1614 4131 dicit
1624 4062 1805 4150 explevisse,
1826 4060 1874 4125 ita
1894 4062 1932 4123 ot

319 4193 435 4240 caussa
448 4186 617 4265 appareret
632 4183 752 4263 eadem,
768 4187 899 4270 propter
913 4203 1010 4268 quam
1019 4179 1174 4248 Varronis
1188 4181 1330 4248 sexcenti
1343 4181 1405 4248 loci
1416 4181 1521 4248 mutili
1532 4185 1649 4262 essent,
1663 4179 1930 4264 dporortleoros3

323 4286 362 4354 de
383 4295 629 4379 transpositione
659 4298 887 4367 elementorum
913 4299 975 4368 hoc
1002 4304 1117 4385 quarto
1145 4299 1215 4366 loco
1236 4299 1352 4365 dixisse
1373 4299 1404 4364 ei
1424 4298 1552 4365 ridetur
1571 4296 1691 4376 Varro,
1717 4293 1773 4362 sed
1794 4299 1828 4362 et
1848 4294 1931 4360 hano

314 4409 483 4492 geminam
510 4416 708 4500 proposuisse
736 4416 789 4501 (el.
818 4418 919 4504 prael.
946 4439 977 4503 p.
999 4415 1076 4483 XIX
1098 4416 1168 4502 sq).
1191 4449 1230 4464 -
1256 4413 1434 4482 VVilmanns
1455 4415 1476 4482 l.
1497 4415 1519 4482 l.
1540 4437 1570 4501 p.
1592 4415 1634 4480 24
1654 4435 1722 4500 sqq.
1744 4410 1931 4478 Muellerum

359 4611 401 4689 ²²)
423 4615 506 4686 Haec
526 4617 604 4679 Noui
624 4620 715 4681 verbs
736 4623 766 4684 ln
788 4621 983 4685 eddVenstis
1005 4623 1121 4682 omnino
1132 4620 1291 4682 desiderari
1303 4619 1487 4697 Spengelium
1510 4626 1659 4681 auctorem
1674 4617 1768 4678 habeo
1789 4632 1819 4690 p.
1842 4617 1872 4680 7.
1884 4615 1929 4676 ed.

355 4705 396 4780 ¹¹)
419 4705 462 4768 Of.
484 4708 580 4771 Bothe
599 4711 633 4774 P.
657 4711 705 4779 Sc.
727 4713 760 4775 L.
782 4713 817 4780 V.
839 4713 864 4780 1.
885 4731 915 4790 p.
939 4715 988 4776 16.

352 4795 396 4875 ²⁸)
418 4797 462 4862 Ol.
484 4801 671 4878 Spengelinm
692 4822 722 4880 p.
745 4807 763 4865 6
786 4821 829 4881 sq.
852 4805 898 4871 ed.
920 4805 957 4867 de
977 4805 1090 4866 duobus
1114 4805 1191 4866 Noni
1211 4804 1283 4865 locis
1304 4805 1354 4879 qni
1375 4805 1479 4865 ceteris
1500 4803 1537 4864 de
1559 4803 1698 4864 librorum
1719 4816 1838 4862 numero
1860 4801 1931 4860 locis

411 4889 590 4978 'firmissimis
610 4895 797 4974 refragentur
819 4897 1025 4974 disputantem.
1763 4969 1780 5023 ᾖ
