4684 5792
1238 692 1281 756 24

1159 777 1358 788 m

457 893 629 961 iecrmdum
649 893 734 978 quod
755 891 945 958 declinando
965 893 1082 958 multas
1104 913 1143 958 ex
1163 914 1197 958 se
1218 891 1325 978 pariat
1345 889 1510 977 dispariles
1533 890 1652 957 formae
1681 896 1718 957 ut
1738 892 1811 978 lego
1834 892 1914 978 legis
1934 893 2050 978 legam,

456 1009 593 1074 altemm
613 1008 719 1074 sterile
738 1008 825 1094 quod
851 1029 890 1074 ex
915 1031 949 1074 ee
977 1009 1083 1095 pariat
1110 1007 1193 1073 nihil
1220 1012 1257 1074 ut
1282 1007 1378 1073 etiam
1407 1007 1555 1073 vixeras
1575 1008 1679 1094 magis
1700 1029 1766 1078 cur.
1808 1007 1903 1074 Ocius
1925 1007 2051 1094 generis

456 1123 684 1190 declinationes
697 1124 851 1203 oriuntur,
865 1127 978 1208 partes
986 1123 1078 1208 ponit
1092 1123 1187 1189 duas:
1200 1122 1353 1190 vocabula
1367 1122 1433 1189 sive
1446 1123 1576 1189 nomina
1587 1127 1625 1188 ut
1634 1121 1729 1189 homo
1740 1127 1774 1188 et
1787 1145 1893 1208 equus,
1909 1127 1942 1190 et
1954 1123 2052 1190 verba

378 1229 380 1236 '
456 1242 493 1303 ut
507 1237 588 1323 legit
603 1242 637 1303 et
652 1237 760 1305 currit.
781 1237 922 1306 Nomina
938 1238 1017 1305 dicit
1031 1238 1183 1304 declinari
1198 1237 1303 1305 autin
1318 1259 1427 1304 earum
1440 1258 1546 1302 rerum
1560 1237 1752 1318 discrimina,
1774 1261 1909 1324 qnamm
1921 1239 2052 1304 nomina

455 1353 529 1433 sint,
545 1357 583 1419 ut
597 1377 617 1419 a
629 1342 948 1434 reseruassemus
963 1357 1020 1418 aut
1034 1353 1069 1418 in
1083 1375 1136 1420 eas
1151 1377 1201 1420 res
1217 1353 1410 1420 extrinsecus
1424 1375 1562 1438 quarum¹
1577 1375 1615 1418 ea
1628 1355 1759 1419 nomina
1777 1376 1842 1420 non
1863 1355 1936 1434 sint,
1957 1358 1995 1419 ut
2010 1355 2051 1420 ab

453 1491 535 1554 equo
556 1469 679 1554 equiso;
701 1469 735 1534 in
759 1491 816 1534 sua
844 1459 1026 1536 discrimina
1055 1469 1208 1536 declinari
1237 1473 1294 1534 aut
1323 1474 1455 1554 propter
1482 1469 1580 1554 ipsius
1608 1468 1656 1533 rei
1687 1473 1835 1535 naturam
1866 1469 1906 1535 de
1935 1471 2052 1555 quo³⁰)

454 1584 587 1664 dicatur,
610 1589 644 1650 et
664 1585 705 1650 ab
725 1587 795 1650 toto
816 1590 849 1651 et
869 1609 890 1651 a
909 1592 1015 1670 parte,
1046 1589 1102 1650 aut
1127 1589 1258 1671 propter
1285 1583 1370 1650 illius
1397 1583 1452 1669 qui
1483 1583 1583 1663 dicat,
1614 1584 1698 1650 unde
1729 1607 1818 1651 casus
1848 1586 1913 1650 sint
1945 1586 2050 1652 exorti

453 1699 534 1767 Vlll
556 1702 596 1766 14
617 1725 648 1787 p.
657 1702 717 1766 401
730 1723 797 1787 sqq.
825 1699 864 1766 ln
885 1702 1052 1766 verborum
1066 1720 1194 1787 genere,
1215 1699 1291 1785 quia
1301 1703 1445 1784 tempora
1459 1702 1564 1764 essent
1579 1699 1656 1765 tria:
1678 1699 1887 1785 praeteritum
1901 1722 2051 1786 praesens

452 1816 603 1894 futurum,
626 1816 872 1883 declinationem
883 1815 1043 1901 triplicem
1063 1815 1160 1881 fuisse
1180 1814 1360 1881 faciendam
1375 1811 1516 1880 ostendit
1529 1813 1678 1880 utsaluto
1694 1815 1874 1882 salutabam
1889 1816 2051 1895 salutabo;

454 1931 626 1998 camitem
653 1952 859 2016 personarum
886 1935 1003 1996 natura
1032 1930 1149 2016 triplex
1182 1934 1279 1996 asset:
1307 1929 1363 2015 qui
1391 1928 1574 2014 loqueretur
1602 1929 1643 1994 ad
1672 1951 1767 2015 quem
1798 1929 1838 1996 de
1864 1952 1945 2016 quo,
1973 1931 2051 1998 haec

452 2067 579 2132 quoque
601 2047 641 2112 ab
662 2046 773 2112 eodem
792 2045 890 2130 verbo
912 2045 1071 2112 declinata
1091 2043 1319 2112 esseVlI120
1340 2067 1370 2130 p.
1392 2045 1464 2110 405.
1506 2043 1593 2120 Quae
1625 2045 1732 2110 omnia
1753 2043 1857 2112 Varro
1892 2047 1927 2111 in
1957 2047 2048 2132 copia

452 2161 621 2226 verborum
641 2161 853 2246 explicaturus
875 2158 1025 2227 hocloco
1046 2161 1159 2227 leviter
1179 2166 1308 2229 tantum
1329 2159 1544 2239 adumbravit,
1575 2160 1660 2245 qnod
1690 2162 1869 2246 generatim
1890 2162 2046 2227 indicasse

449 2276 529 2340 satis
548 2275 683 2342 haberet
696 2279 731 2340 et
752 2276 816 2342 alia
833 2279 992 2362 urgerent,
1014 2297 1128 2361 nempe
1150 2276 1188 2342 de
1208 2275 1358 2360 analogia
1379 2277 1412 2339 et
1433 2274 1591 2340 anomalia
1611 2275 1646 2339 in
1667 2275 1828 2342 vocabulis
1849 2275 2049 2342 declinandis·

450 2392 694 2459 controversiae.
737 2392 828 2458 Licet
848 2391 934 2457 enim
951 2391 1019 2477 ipse
1041 2390 1216 2458 arbitratus
1236 2389 1279 2456 sit
1300 2393 1467 2474 utramque
1488 2410 1555 2455 esse
1576 2390 1770 2474 sequendam
1791 2391 1875 2476 qnod
1896 2390 1931 2455 in
1954 2391 2053 2457 decli-

454 2509 584 2574 natione
612 2507 792 2572 volunteria
821 2509 905 2572 esset
927 2506 1101 2584 anomalia,
1130 2507 1166 2570 in
1193 2502 1387 2588 naturali³¹)
1416 2505 1520 2590 magis
1542 2505 1709 2592 analogia,
1735 2511 1845 2572 tamen
1869 2504 1989 2574 huncce
2020 2509 2055 2574 in

453 2623 584 2690 modum
603 2644 671 2688 rem
690 2621 908 2707 pertractavit
929 2624 968 2685 ut
989 2620 1110 2706 reliqua
1131 2620 1206 2685 libri
1226 2622 1318 2705 parte
1340 2640 1422 2704 qnae
1445 2621 1584 2685 maxima
1606 2625 1655 2686 est
1675 2625 1787 2687 contra
1809 2621 1992 2708 analogiam
2014 2643 2053 2688 ex

454 2743 562 2804 mente
582 2737 800 2804 Grateteomm
821 2737 1016 2822 disputaret,
1037 2735 1120 2801 libro
1143 2733 1240 2802 VIIII
1267 2735 1463 2820 argumentis
1493 2741 1605 2803 contm
1635 2737 1828 2802 anomaliam
1855 2736 1966 2803 scintis
1996 2759 2054 2823 pro

456 2853 606 2938 analogia
626 2853 761 2932 diceret,
783 2851 865 2918 libro
886 2851 916 2917 X
937 2873 977 2916 ex
1005 2873 1063 2917 sua
1091 2851 1252 2917 sententia
1281 2855 1493 2936 percenseret,
1523 2853 1599 2937 quid
1627 2857 1710 2918 esset
1737 2853 1839 2918 simile
1865 2855 2054 2939 generatim,

454 2968 570 3053 quibus
597 2968 632 3034 in
660 2968 765 3033 verbis
793 2967 968 3033 similitudo
994 2966 1176 3044 statuenda,
1206 2965 1342 3052 denique
1370 2966 1527 3053 quomodo
1555 2967 1704 3054 analogia
1732 2968 1912 3034 delinienda
1941 2974 1974 3035 et
2000 2968 2056 3034 ubi

453 3082 635 3168 quaerenda
657 3087 747 3148 esset.
790 3081 859 3148 Iam
880 3104 954 3148 vero
975 3082 1054 3148 haec
1074 3102 1171 3166 quam
1191 3079 1295 3147 Varro
1317 3088 1443 3149 secutus
1470 3087 1520 3148 est
1550 3085 1732 3169 argumenti
1760 3084 1924 3169 dispositio
1953 3083 2054 3164 docet,

455 3197 624 3266 admodum
645 3198 749 3284 longis
771 3220 843 3264 eum
863 3198 912 3264 uti
932 3196 1121 3282 ambagibus
1150 3191 1409 3282 nescioquod
1434 3198 1481 3264 rei
1510 3198 1699 3265 tractandae
1728 3200 1820 3285 quasi
1849 3221 1970 3264 summa
1995 3198 2056 3266 sibi

455 3315 623 3380 videbatur
643 3336 709 3380 esse
730 3313 905 3399 perveniat.
949 3311 1069 3389 Quodsi
1095 3312 1137 3377 ab
1163 3311 1266 3392 initio,
1296 3335 1359 3398 qna
1387 3313 1422 3378 in
1450 3335 1485 3380 re
1514 3314 1718 3394 consisteret,
1746 3315 1876 3400 quidet
1898 3315 2056 3381 ubiesset

454 3429 605 3517 analogia
625 3434 659 3496 et
679 3431 847 3508 anomalia,
869 3431 1072 3516 exposuisset,
1098 3429 1201 3494 omnis
1228 3428 1285 3493 illa
1313 3449 1352 3493 ex
1382 3432 1490 3494 mente
1519 3428 1689 3514 analogiae
1721 3429 1973 3495 adversariomm
1999 3433 2056 3495 ant

454 3544 668 3612 studiosorum
689 3545 872 3630 disputatio,
894 3545 929 3610 in
951 3566 1014 3630 qua
1034 3543 1154 3608 multus
1184 3547 1232 3609 est
1263 3547 1297 3609 et
1317 3565 1380 3629 qua
1410 3543 1456 3609 rei
1482 3549 1686 3628 conspectum
1713 3543 1885 3610 secundum
1911 3549 2056 3629 tempora

456 3684 523 3728 non
544 3662 642 3741 dedit,
664 3660 725 3726 nisi
746 3659 842 3745 plane
862 3660 999 3738 sublata,
1020 3663 1130 3726 tamen
1149 3660 1185 3725 in
1204 3659 1306 3726 iustos
1325 3659 1404 3726 fines
1425 3663 1509 3726 esset
1529 3660 1668 3726 redacta.
1711 3658 1850 3726 Varroni
1870 3658 1930 3726 hoc
1949 3661 2056 3746 potius

455 3777 507 3842 vel
527 3777 728 3862 potissimum
748 3796 860 3844 censeo
881 3775 1088 3860 spectandum
1107 3775 1213 3854 luisse,
1234 3778 1273 3840 ut
1293 3774 1488 3854 ostenderet,
1512 3774 1626 3860 quibus
1646 3776 1679 3840 in
1700 3775 1795 3862 nugis
1816 3775 2053 3862 quisquiliisque

456 3912 515 3978 pro
537 3891 583 3957 rei
603 3890 845 3977 investigandae
866 3889 1088 3977 magnitudine
1107 3890 1163 3956 isti
1177 3890 1343 3977 analogiae
1359 3895 1416 3956 aut
1429 3890 1608 3958 defensores
1622 3896 1680 3957 aut
1693 3892 1924 3978 vituperatores
1938 3891 2057 3958 versati

483 4219 525 4295 ⁸0)
546 4216 591 4276 De
619 4212 712 4274 forma
740 4230 800 4294 qao
828 4220 896 4290 post
924 4211 1049 4276 feminini
1077 4215 1192 4290 generis
1228 4219 1259 4274 et
1294 4213 1484 4274 multitudinis
1521 4213 1662 4274 vocabula
1689 4229 1707 4271 a
1735 4213 1866 4273 Varrone
1892 4214 1989 4290 posita
2019 4209 2055 4274 ci.

550 4306 735 4382 Spengelinm
757 4305 913 4367 emendatt.
936 4305 1021 4366 Varr.
1042 4323 1071 4382 p.
1096 4308 1115 4366 7
1137 4311 1166 4365 et
1187 4305 1319 4366 Muelleri
1341 4313 1438 4364 sotnm
1460 4322 1487 4366 a
1511 4305 1543 4367 h.
1566 4306 1587 4369 l.

482 4395 528 4481 ει)
551 4399 645 4458 Varro
667 4397 704 4458 de
725 4398 793 4474 ling.
816 4400 867 4460 lat.
879 4398 946 4458 vm
967 4401 1004 4458 21
1022 4417 1052 4474 p.
1068 4399 1128 4458 406
1144 4413 1187 4472 sq.
1204 4397 1292 4456 haec:
1313 4395 1556 4462 .Declinationnm
1573 4411 1681 4473 genera
1695 4401 1762 4456 sunt
1776 4395 1843 4472 duc,
1865 4397 2057 4456 voluntarium

551 4497 581 4551 et
600 4491 742 4552 naturale.
787 4489 985 4551 votnnurium
1007 4495 1061 4564 est,
1083 4506 1141 4564 quo
1162 4495 1195 4548 ut
1216 4489 1375 4564 quoiusque
1395 4489 1464 4548 tulit
1477 4488 1611 4560 voluntas
1625 4488 1788 4550 declinavit.
1831 4487 1880 4548 Sic
1893 4496 1954 4548 tres
1971 4504 2057 4564 quom

552 4589 684 4642 ememut
703 4579 814 4656 Ephesi
835 4583 964 4664 singulos
984 4597 1099 4658 servos,
1127 4596 1329 4655 nonnunquam
1359 4581 1433 4640 alius
1462 4579 1587 4674 decliput
1614 4597 1718 4642 nomen
1746 4579 1783 4640 ab
1811 4595 1846 4642 oo
1874 4582 1923 4655 qui
1950 4581 2057 4654 vmdit,

550 4680 606 4735 cet.
629 4707 670 4718 -
692 4671 802 4733 Contra
822 4673 984 4732 naturalem
1005 4672 1225 4733 declinationem
1254 4671 1320 4732 dico
1348 4689 1422 4748 qnae
1450 4688 1507 4732 nou
1536 4689 1554 4733 a
1581 4673 1758 4748 siugulomm
1785 4674 1878 4733 oritur
1899 4673 2056 4747 voluntate,

549 4763 601 4826 sed
622 4783 640 4826 a
664 4765 806 4825 communi
827 4765 989 4826 consensu}
