4684 5792
1223 800 1296 865 26·

445 996 545 1063 sicin
566 995 760 1081 supellectile
782 997 854 1063 cibo
875 997 1048 1082 ceterisque
1070 999 1229 1080 omnibus,
1260 1017 1340 1082 quae
1370 1007 1430 1063 usu
1459 997 1499 1063 ad
1529 997 1630 1062 vitam
1653 1000 1728 1061 sunt
1756 1002 1946 1083 assumpta,
1963 999 2058 1066 inae·

445 1113 618 1198 quabilitas
641 1113 838 1180 dominatur:
860 1113 937 1198 quid
958 1135 996 1178 ea
1017 1113 1059 1180 ad
1080 1116 1311 1199 grammaticen
1329 1117 1457 1199 eiusque
1478 1116 1672 1199 praecepta?
1693 1113 1791 1181 Porro
1812 1115 1838 1180 si
1860 1137 1925 1182 uon
1946 1117 2054 1182 omnia

445 1229 477 1295 in
501 1230 765 1297 declinationibus
787 1230 912 1311 similia,
932 1253 1038 1297 noune
1060 1253 1097 1298 eo
1119 1232 1304 1319 diligentius
1326 1232 1441 1297 similia
1462 1235 1496 1296 et
1509 1230 1675 1296 dissimilia
1685 1231 1910 1318 investiganda
1922 1232 2055 1298 demon-

445 1347 576 1413 stranda
605 1349 840 1432 comparanda?
874 1348 1017 1434 Denique
1046 1371 1118 1415 cum
1149 1349 1297 1435 negando
1325 1348 1589 1434 sophismatisque
1620 1347 1772 1415 adhibitis
1803 1349 1892 1415 nulla
1924 1349 2055 1416 omnino

444 1464 612 1550 disciplina
632 1466 768 1550 amplius
788 1470 1011 1552 promoventur
1031 1465 1096 1531 imo
1117 1467 1309 1552 impediatur
1330 1471 1363 1532 et
1383 1471 1620 1550 retorqueatur,
1641 1487 1723 1552 quae
1745 1467 1968 1553 grammatices
1990 1466 2055 1531 erit

444 1581 596 1662 condicio,
619 1605 699 1669 quae
720 1605 786 1649 non
807 1588 875 1648 tam
895 1605 979 1649 nova
999 1585 1183 1669 praecipere
1205 1589 1238 1650 et
1258 1584 1424 1664 inducere,
1454 1606 1549 1668 qnam
1570 1605 1652 1669 quae
1680 1583 1714 1647 in
1741 1605 1799 1648 usu
1827 1582 1879 1649 vel
1907 1583 1973 1648 sint
2002 1584 2054 1650 vel

444 1697 566 1765 tuerint
586 1700 621 1765 in
643 1722 795 1781 sermone,
818 1705 962 1786 spectare
984 1704 1017 1766 et
1038 1699 1185 1766 ordinare
1206 1700 1343 1770 debeat?
1364 1699 1478 1786 Itaque
1498 1701 1715 1787 grammaticis
1735 1701 1799 1766 illis
1820 1701 1875 1786 qui
1889 1701 2052 1767 subtiliter

445 1816 595 1882 disserere
607 1839 703 1902 quam
714 1840 789 1883 vera
800 1819 1016 1903 pervestigare
1027 1817 1216 1898 maluerunt,
1231 1817 1286 1903 qui
1296 1817 1613 1903 pharmacopolarum
1623 1819 1725 1883 instar
1735 1818 1785 1883 vel
1795 1817 2054 1886 funambulorum

443 1933 507 1998 ritu
530 1938 631 2000 artem
651 1957 742 1999 suam
762 1939 952 2016 tractarunt,
974 1956 1039 2001 non
1061 1938 1111 2000 est
1131 1935 1216 2019 quod
1237 1935 1376 2020 gratiam
1389 1934 1563 2000 habeamus
1575 1957 1634 2020 pro
1649 1934 1711 2002 bac
1726 1935 1903 2001 studiorum
1917 1935 2053 2016 ratione,

442 2051 505 2116 nisi
527 2052 612 2136 quod
633 2052 709 2118 viris
729 2052 828 2118 libros
851 2073 959 2118 eorum
980 2053 1253 2137 perscrutantibus
1274 2075 1320 2130 ea,
1342 2051 1456 2136 quibus
1477 2052 1519 2117 ad
1540 2054 1716 2118 sententias
1732 2075 1803 2119 suas
1818 2053 2052 2121 confirmandas

443 2170 493 2248 nei
514 2174 614 2249 erant,
637 2170 678 2235 ad
700 2174 821 2235 rectam
842 2171 1065 2255 grammatices
1087 2171 1245 2237 rationem
1259 2169 1471 2235 inchoandam
1485 2169 1637 2236 adhibere
1651 2170 1737 2239 licet.
1779 2169 1926 2255 Namque
1940 2172 2053 2256 inepta

445 2309 569 2373 quoque
590 2292 624 2353 et
644 2287 759 2352 vitiosa
780 2286 936 2371 quaedam
960 2287 1136 2352 studiorum
1165 2288 1249 2352 ratio
1279 2286 1319 2350 ad
1348 2285 1427 2354 haec
1456 2287 1525 2371 ipsa
1553 2287 1658 2352 studia
1686 2291 1772 2354 recte
1800 2288 1989 2354 celebranda
2018 2292 2054 2354 et

445 2405 576 2470 colenda
597 2404 757 2469 interdum
778 2425 842 2469 non
864 2403 945 2468 nihil
964 2405 1059 2470 valet

542 2521 631 2598 Quae
652 2521 762 2587 eadem
776 2543 815 2586 ex
836 2527 927 2607 parte
943 2522 978 2587 in
994 2522 1171 2587 Varronem
1187 2519 1315 2587 cadunt
1348 2519 1409 2597 Qui
1424 2543 1496 2586 cum
1511 2521 1632 2588 decimo
1646 2522 1771 2587 demum
1786 2522 1869 2587 libro
1883 2521 2051 2588 rectiorem

442 2635 664 2724 grammatices
684 2639 770 2703 viam
790 2638 916 2724 ingredi
937 2639 1099 2725 coepisset,
1123 2637 1223 2703 multo
1244 2639 1395 2704 maiorem
1415 2638 1477 2702 sibi
1498 2638 1678 2725 collegisset
1687 2639 1824 2720 laudem,
1846 2639 1873 2704 si
1892 2639 1934 2704 ab
1955 2639 2052 2706 initio

442 2778 541 2825 vanas
554 2755 632 2822 istas
647 2757 866 2823 cavillationes
881 2753 1229 2842 disputatiunculasque
1242 2777 1345 2840 nequa
1359 2754 1400 2820 ad
1414 2777 1482 2820 rem
1494 2756 1654 2841 pertinere
1668 2760 1701 2822 et
1714 2757 1787 2824 ideo
1801 2757 2051 2824 contemnendas

441 2897 508 2942 esse
532 2876 697 2942 docuisset.
729 2871 824 2939 Nunc
843 2895 918 2940 vero
940 2894 979 2939 ea
1000 2895 1080 2957 quae
1100 2869 1274 2936 libroVIII
1287 2871 1412 2937 rettubt
1424 2872 1463 2937 de
1477 2873 1540 2938 illis
1562 2877 1691 2958 atquae
1706 2874 1843 2939 vicissim
1857 2871 2048 2941 libroVIIlI

440 2992 605 3058 oblocutus
635 2997 699 3072 est,
727 3012 799 3058 cum
827 2990 888 3055 viri
916 2988 1182 3075 praestantissimi
1217 2987 1380 3055 doctrinae
1400 2990 1596 3070 {varietatem
1626 2991 1811 3077 copiamque
1839 2995 1907 3056 tum
1935 2991 2051 3058 miram

441 3110 665 3196 grammatices
686 3108 771 3172 illius
792 3107 944 3193 temporis
966 3106 1183 3173 condicionem
1197 3105 1378 3185 ostendunt,
1401 3127 1503 3191 neque
1518 3108 1552 3172 in
1568 3107 1672 3192 pretio
1693 3129 1760 3174 esse
1782 3108 1901 3174 debent
1923 3112 2051 3193 atquae

439 3227 589 3313 legantur
610 3225 709 3311 digna
730 3227 813 3304 sunt,
836 3223 896 3289 nisi
918 3224 1002 3309 quod
1023 3227 1150 3309 praeter
1179 3243 1270 3290 voces
1298 3226 1332 3289 et
1358 3222 1527 3290 divisiones
1556 3229 1635 3291 tunc
1663 3225 1799 3291 usitatas
1825 3225 1927 3291 multa
1946 3224 2048 3290 ineis

439 3335 567 3430 singula
586 3342 795 3426 reperiuntur,
817 3340 931 3426 quibus
951 3342 1174 3426 grammatices
1194 3340 1315 3407 latinae
1338 3341 1483 3408 doctrina
1502 3342 1679 3409 illustratur
1700 3347 1734 3408 et
1753 3347 1964 3428 promovetur.

539 3453 611 3526 Huc
632 3460 803 3545 pertinent,
825 3481 866 3525 ne
889 3458 928 3524 de
951 3458 1098 3523 omnibus
1118 3457 1307 3538 reticuerim,
1330 3456 1425 3525 haec:
1446 3458 1543 3524 Libro
1558 3457 1639 3524 vm
1650 3482 1682 3544 p.
1692 3459 1764 3524 426.
1807 3457 2048 3544 stangnum

440 3578 541 3644 solum
563 3598 629 3641 esse
650 3575 767 3656 multa,
797 3579 835 3640 ut
856 3577 937 3642 cicer
959 3577 1035 3642 siser
1057 3575 1229 3660 (neminem
1258 3576 1343 3640 enim
1371 3574 1474 3642 dicere
1509 3577 1610 3642 cicera
1637 3575 1748 3661 sisara)
1776 3581 1808 3641 et
1835 3575 2050 3641 multitudinis

439 3717 515 3775 esse,
536 3699 575 3760 ut
595 3693 715 3758 saliuae
735 3691 886 3758 balneae:
916 3715 982 3759 non
1011 3694 1095 3759 enim
1124 3692 1165 3758 ab
1193 3692 1243 3756 his
1271 3691 1425 3778 singulari
1453 3693 1557 3778 specie
1585 3693 1648 3760 dici
1676 3693 1779 3760 salina
1806 3698 1840 3759 et
1859 3693 1982 3760 balnea
2006 3732 2047 3743 —

438 3813 486 3882 Ib.
510 3812 548 3877 61
572 3834 602 3897 p.
624 3811 697 3881 437.
740 3807 999 3894 Aucupem¹dici,
1022 3831 1086 3876 uon
1106 3831 1182 3876 vero
1202 3809 1356 3895 piscipem
1377 3810 1433 3896 (ct.
1455 3815 1523 3880 not.
1545 3809 1720 3894 Muelleri);
1749 3809 1804 3875 ubi
1833 3831 1886 3876 aes
1911 3810 2048 3892 lavetur,

440 3930 579 3996 aerarias
607 3951 671 3995 non
702 3927 897 3994 aerelavinas
921 3925 1094 4006 nominum
1115 3928 1171 3992 ubi
1191 3926 1333 3993 todiatur
1349 3931 1537 4014 argeutum,
1562 3927 1813 4014 argentifodinas
1834 3925 1913 4006 dici,
1935 3948 2046 4011 neque,

437 4048 494 4114 ubi
524 4045 666 4113 todiatur
691 4042 828 4124 ¹ferrum,
858 4043 1076 4122 ferritodinas3
1105 4045 1183 4110 item
1207 4045 1284 4112 alia.
1306 4081 1346 4094 -
1367 4044 1415 4111 Ib.
1443 4046 1485 4110 66
1513 4069 1544 4132 p.
1572 4047 1645 4112 Ι440.
1697 4044 1772 4110 Sina
1800 4041 2046 4129 reprehensione

325 4223 330 4234 .
437 4167 536 4253 vulgo
557 4164 636 4231 alios
657 4164 761 4231 dicere
789 4163 824 4228 in
852 4161 1008 4248 singulari
1034 4161 1095 4228 hac
1117 4162 1169 4228 ovi
1188 4167 1223 4228 et
1244 4163 1304 4242 avi,
1328 4163 1406 4228 alios
1427 4162 1489 4230 hac
1517 4185 1576 4229 ove
1605 4167 1638 4229 et
1666 4184 1741 4240 ave;
1769 4161 1803 4227 in
1831 4161 2046 4227 multitudinis

437 4275 634 4368 hucpuppis
655 4281 748 4348 restis
769 4284 802 4346 et
826 4279 887 4346 bae
908 4300 1030 4364 puppes
1053 4282 1167 4357 restes3
1194 4278 1274 4344 item
1298 4279 1334 4344 in
1360 4281 1484 4365 patrico
1506 4281 1539 4364 (i.
1562 4303 1590 4350 a.
1613 4280 1762 4366 'genetivo
1783 4301 1877 4365 quern
1898 4279 2047 4364 dicimus)

437 4402 604 4468 civitatum
624 4403 793 4485 parentum
812 4402 848 4464 ¹et
869 4397 1048 4463 civitatium
1069 4397 1268 4483 parentium
1297 4398 1329 4463 in
1359 4397 1527 4464 accusandi
1555 4395 1615 4463 hos
1642 4400 1766 4464 montes
1793 4395 1898 4462 fontes
1926 4399 1959 4461 et
1987 4393 2046 4462 hos

403 4491 407 4500 Ι
436 4519 555 4584 montis
575 4516 684 4586 fontis.
705 4553 745 4566 -
765 4515 852 4582 Libr.
864 4513 962 4582 VIIII
978 4515 1018 4579 55
1032 4538 1064 4600 p.
1079 4514 1151 4581 496.
1180 4513 1252 4582 Dici
1275 4536 1401 4581 corvum
1422 4513 1565 4596 turdum,
1586 4537 1653 4582 uon
1673 4515 1737 4582 dici
1758 4535 1885 4581 corvam
1899 4514 2047 4592 turdum

437 4639 549 4702 contra
569 4632 633 4701 dici
653 4633 842 4719 pantheram
863 4633 1025 4712 merulam,
1046 4654 1112 4698 non
1132 4633 1195 4699 dici
1216 4631 1406 4717 parthorum
1428 4633 1592 4699 merulam.
1614 4671 1655 4683 -
1675 4632 1724 4700 Ib.
1740 4633 1800 4697 100
1813 4655 1844 4718 p.
1861 4631 1931 4697 530.
1957 4630 2046 4712 ,Sum

429 4752 523 4836 *quod
543 4751 677 4832 dicitnr,
700 4751 776 4816 olim
797 4751 964 4818 dicebatur
983 4773 1071 4817 esum
1093 4755 1127 4816 et
1146 4751 1182 4815 in
1197 4729 1356 4815 =omnibus
1383 4753 1525 4836 personis
1554 4751 1738 4832 constabat,
1768 4750 1853 4836 quod
1880 4749 2047 4816 dicebatur

436 4889 525 4935 esum
544 4890 579 4935 es
599 4874 659 4951 est,
681 4891 768 4935 eram
788 4890 858 4935 eras
880 4872 958 4950 erat,
981 4890 1034 4934 ero
1056 4867 1117 4934 eris
1138 4867 1220 4934 erit‘
1241 4905 1280 4916 -
1302 4865 1349 4932 Ib.
1373 4869 1433 4934 loo
1454 4891 1485 4954 p.
1508 4869 1578 4935 535.
1617 4869 1675 4949 ,Et
1700 4869 1812 4934 lavant
1840 4871 1875 4934 at
1894 4869 2046 4933 lavantur
