4684 5792
1083 799 1123 864 13

301 997 470 1064 verborum
491 997 616 1084 origine
637 995 824 1082 explicanda
838 998 1039 1062 sententiam.
1082 994 1168 1063 Noni
1189 996 1293 1064 locum
1314 1017 1353 1062 ex
1373 996 1456 1062 libro
1479 993 1528 1061 111
1549 995 1589 1060 de
1609 994 1630 1059 l.
1651 994 1672 1059 l.
1696 994 1896 1080 desumptum

301 1135 369 1182 esse
389 1112 621 1179 Wilmannsius
642 1113 777 1180 coniecit
804 1133 844 1180 cx
871 1133 909 1178 eo
938 1111 1024 1197 quod
1044 1112 1243 1200 Augustinus
1270 1111 1293 1180 l.
1314 1133 1340 1178 a
1370 1111 1485 1176 stoicos
1513 1109 1593 1178 haec
1621 1110 1713 1195 quasi
1741 1109 1898 1177 cunabula

300 1231 471 1298 verborum
490 1227 659 1295 credidisse
679 1227 792 1309 refert,
814 1228 870 1294 nbi
891 1249 999 1294 sensus
1029 1248 1135 1293 rerum
1166 1247 1238 1294 cunr
1266 1247 1415 1293 sonorum
1445 1247 1538 1292 sensu
1565 1226 1788 1306 concordaret,
1817 1246 1899 1310 quae

302 1343 460 1412 verbaite
472 1343 768 1428 sonarentutipsee
788 1365 839 1410 res
861 1363 942 1428 quae
964 1340 1014 1406 bis
1035 1341 1140 1409 verbis
1160 1341 1389 1428 significantur.
1432 1339 1586 1407 Varronis
1607 1340 1705 1408 verba
1721 1340 1780 1407 teli
1801 1361 1899 1428 argu·

301 1463 411 1526 mento
432 1459 550 1545 optime
571 1459 739 1526 convenire
759 1478 853 1524 nemo
882 1459 943 1524 erit
971 1457 1026 1543 qui
1053 1462 1167 1544 neget;
1197 1459 1252 1524 sad
1279 1462 1317 1523 nt
1344 1456 1419 1522 libri
1447 1457 1536 1523 tertii
1564 1456 1603 1522 de
1623 1455 1646 1526 l.
1666 1457 1689 1522 l.
1710 1479 1749 1523 ea
1770 1456 1898 1537 fuerint

303 1574 378 1642 inde
398 1595 464 1640 non
484 1575 640 1659 sequitur;
670 1593 746 1640 nam
776 1573 953 1640 Varronem
984 1571 1049 1640 tale
1079 1577 1304 1657 argumentum
1334 1571 1417 1638 libro
1455 1571 1511 1640 illo
1548 1576 1703 1640 mactasse
1733 1571 1899 1643 nescimus.

304 1689 454 1756 Potuitne
485 1689 535 1754 vir
565 1688 780 1756 mnotissimus
811 1689 867 1773 qui
897 1709 930 1755 se
960 1708 1070 1754 omnes
1101 1687 1199 1754 libros
1230 1690 1348 1754 artium
1376 1709 1453 1774 quas
1483 1687 1630 1754 liberales
1660 1693 1792 1769 vocant,
1822 1692 1899 1756 tunc

303 1803 511 1889 nequissimus
542 1803 698 1870 malarum
731 1802 944 1889 cupiditatum
974 1825 1081 1870 servus
1107 1824 1165 1888 per
1193 1825 1226 1870 sa
1254 1805 1358 1890 ipsum
1386 1804 1501 1890 legisse
1528 1804 1714 1883 muitetur,
1740 1805 1898 1872 neminem

304 1919 400 1986 aliurn
422 1918 524 1984 ineis
545 1939 627 2004 quae
648 1918 775 2003 scripsit
794 1919 857 1985 nisi
873 1918 1049 1986 Varronem
1070 1919 1181 2004 sequi?
1203 1925 1245 2001 et
1267 1920 1294 1986 si
1313 1921 1506 2005 nonpotuit
1528 1921 1645 1988 nullim
1665 1921 1747 1988 alius
1764 1921 1840 1987 libri
1861 1943 1900 1988 ea

301 2040 435 2120 possunt
454 2055 522 2100 esse
542 2033 605 2100 nisi
625 2033 714 2100 tertii
735 2034 774 2100 de
789 2033 901 2121 lingua
916 2034 1042 2102 latina?
1063 2033 1220 2102 Neutrum
1234 2035 1388 2102 affirmari
1402 2037 1522 2122 nequit
1565 2035 1716 2113 Quamvis
1729 2041 1762 2102 et
1775 2036 1899 2122 ingenii

302 2148 515 2215 subtilitatem
536 2147 696 2234 studiique
717 2148 918 2216 severitatem
938 2171 1001 2235 qua
1018 2149 1249 2216 Wilmannsius
1273 2151 1307 2216 in
1329 2150 1411 2218 libro
1432 2173 1487 2218 suo
1510 2151 1736 2219 conscribendo
1756 2173 1830 2217 usus
1851 2158 1900 2219 est

300 2264 440 2331 libenter
461 2285 641 2350 agnoscam,
662 2263 836 2350 Augustini
850 2263 930 2331 illud
943 2285 1007 2330 non
1020 2265 1106 2332 inter
1119 2263 1273 2334 Varronis
1287 2267 1449 2354 relliquias
1463 2267 1517 2334 sed
1533 2268 1704 2334 stoicorum
1716 2267 1899 2353 ponendum

302 2383 380 2446 erat
423 2377 498 2445 Non
518 2379 612 2446 modo
632 2377 810 2445 Varronem
831 2379 947 2446 stoicos
967 2401 1045 2465 pree
1065 2382 1177 2448 ceteris
1199 2403 1267 2450 esse
1292 2389 1451 2474 secutum,
1480 2382 1537 2449 sed
1563 2384 1661 2449 etiam
1685 2383 1899 2468 augustinum

302 2493 456 2562 Varronis
477 2493 639 2562 lectitasse
659 2494 757 2561 libros
776 2516 841 2563 non
863 2496 1017 2582 estquod
1038 2517 1152 2582 neges3
1178 2503 1320 2565 attamen
1342 2503 1469 2565 tantum
1490 2499 1596 2580 abest,
1625 2503 1663 2564 ut
1682 2499 1899 2585 Augustinum

301 2632 383 2698 quae
404 2616 508 2677 stoam
527 2610 674 2678 redolent
686 2609 825 2678 Varroni
846 2610 905 2677 soli
926 2611 1041 2679 debere
1062 2616 1096 2679 et
1117 2615 1289 2683 secundum
1302 2613 1456 2682 Varronis
1476 2615 1593 2682 librum
1614 2615 1704 2682 illum
1724 2614 1898 2682 reddidisse

303 2729 376 2794 inde
398 2728 564 2809 efficiatur,
586 2734 632 2809 ut
654 2749 736 2814 ques
756 2725 912 2796 Varronis
933 2729 1062 2795 nornine
1089 2721 1285 2818 aliorumque
1313 2731 1504 2798 testimoniis
1520 2735 1679 2812 careant,
1711 2753 1730 2796 a
1751 2729 1896 2796 Varrone

302 2842 445 2927 profecta
465 2865 532 2912 esse
554 2844 668 2910 merito
687 2864 794 2928 neges.
827 2843 1009 2910 Cavendum
1031 2850 1141 2914 estne
1162 2847 1300 2933 perbene
1320 2846 1396 2913 licta
1419 2866 1478 2932 pro
1493 2847 1627 2931 scriptis,
1642 2845 1899 2912 adumbrationes

303 2957 492 3026 artificiosae
513 2980 572 3044 pro
593 2958 783 3024 testimoniis
803 2958 992 3025 habeantur.
1035 2958 1138 3024 Varro
1159 2955 1289 3043 quidem
1309 2955 1349 3021 de
1373 2953 1541 3020 verborum
1568 2953 1770 3039 impositione
1799 2973 1898 3040 agens

302 3097 340 3140 aa
361 3095 442 3159 quas
462 3075 526 3140 sam
548 3074 720 3142 mnaseas
741 3074 896 3140 moneris
916 3074 1034 3140 osseo
1060 3073 1212 3160 fugisse
1234 3074 1374 3138 seuam
1402 3067 1605 3134 scansam
1632 3049 1729 3134 nus‘
1744 3073 1778 3135 a
1805 3067 1899 3134 erue

300 3189 463 3256 retrabere
484 3189 614 3276 nequire
634 3191 772 3277 ingenue
794 3188 895 3256 lassus
915 3210 954 3256 eo
974 3211 1038 3256 non
1059 3188 1231 3256 tardiorem
1252 3185 1306 3252 sed
1327 3185 1513 3252 velociorem
1528 3205 1562 3249 se
1575 3185 1643 3269 ipse
1657 3183 1736 3249 dicit
1755 3183 1899 3249 futurum

302 3305 329 3369 si
348 3305 503 3392 indagare
536 3306 673 3391 quiverit
693 3303 725 3370 V
746 3306 765 3370 5
787 3327 819 3391 p.
849 3307 898 3372 15.
945 3306 1173 3371 Verumtamen
1202 3301 1357 3389 quaedam
1393 3321 1461 3366 esse
1489 3319 1571 3385 quae
1598 3303 1757 3365 vetustate
1787 3301 1898 3384 erepte

302 3419 502 3507 indagationi
524 3421 779 3487 accuratissimae
799 3442 866 3487 non
886 3419 982 3488 liceat
1003 3423 1182 3499 restituere,
1203 3418 1289 3485 idem
1308 3415 1477 3494 intellexit
1518 3413 1606 3492 Quae
1627 3415 1753 3500 scripsit
1774 3413 1840 3498 ipse
1860 3433 1899 3479 eo

302 3533 395 3614 libro,
416 3534 511 3602 bodie
533 3535 639 3601 latent
658 3541 785 3620 praeter
806 3535 871 3602 tria
890 3535 990 3602 verba
1010 3557 1091 3621 quae
1119 3536 1194 3602 libri
1218 3537 1444 3618 argumentum
1471 3529 1743 3616 comprehendunt
1771 3533 1804 3596 et
1834 3529 1899 3594 tria

303 3671 384 3734 quae
404 3672 499 3736 supra
519 3650 616 3734 ettuli
638 3649 828 3738 bagmam
869 3649 944 3717 dam
965 3652 1138 3718 maioribus
1158 3649 1276 3718 nostris
1296 3647 1378 3714 liber
1399 3647 1453 3714 ille
1475 3667 1546 3714 cum
1565 3645 1636 3711 aliis
1651 3646 1816 3730 ademptus
1833 3646 1897 3710 ests

301 3765 336 3830 id
356 3765 441 3852 quod
462 3764 555 3831 valde
576 3764 747 3831 dolendum
767 3770 816 3832 est
836 3766 953 3832 multas
973 3766 1015 3832 ob
1036 3787 1172 3834 caussas.
1214 3761 1337 3832 Idcirco
1358 3761 1511 3848 quidquid
1532 3760 1677 3840 conicias,
1697 3759 1760 3825 nisi
1780 3779 1899 3824 novum

302 3881 430 3966 aliquod
452 3879 630 3947 litterarum
651 3880 765 3966 quibus
785 3880 880 3948 hodie
900 3881 1008 3947 orbati
1028 3901 1135 3948 sumus
1155 3881 1263 3946 lumen
1285 3879 1467 3958 accesserit,
1497 3876 1641 3942 manebit
1667 3876 1701 3942 id
1728 3875 1812 3963 quod
1839 3881 1898 3956 est,

301 3996 424 4082 ingenii
445 3995 605 4081 studiique
626 3997 813 4064 exercitatio
834 3997 885 4064 cni
914 4018 971 4063 sna
999 3993 1132 4062 debetur
1162 3995 1269 4082 palma
1296 4015 1397 4080 neque
1425 3992 1506 4079 eripi
1533 3996 1654 4079 potest;
1681 3993 1898 4056 verumtamen

303 4111 381 4176 illud
412 4112 595 4198 ademptum
623 4110 785 4178 retrabere
815 4112 936 4197 nequit
989 4111 1073 4189 Quid
1110 4110 1234 4206 igitur?
1273 4106 1468 4195 Epimenidis
1508 4107 1701 4174 dormiamus
1732 4105 1899 4172 somnum?

304 4225 443 4292 Minime.
486 4225 612 4312 ingenii
632 4227 680 4292 vis
707 4225 757 4292 vel
784 4226 939 4312 impedita
967 4231 1000 4292 et
1028 4226 1182 4292 obstricta
1210 4228 1412 4311 prorumpat,
1441 4223 1539 4289 studii
1571 4221 1712 4287 sollertia
1738 4222 1790 4288 vel
1817 4239 1899 4307 quae

302 4341 485 4428 longissime
506 4347 628 4409 remota
648 4347 682 4408 et
703 4341 892 4408 abscondite
913 4346 988 4407 sunt
1008 4343 1156 4409 tentabit.
1200 4339 1262 4408 Sed
1284 4341 1371 4407 aliud
1392 4345 1441 4406 est
1463 4341 1552 4420 scire,
1575 4337 1662 4404 alind
1672 4338 1815 4404 conicere
1836 4359 1900 4424 qua

301 4457 427 4524 ratione
448 4455 551 4526 Varro
573 4457 648 4524 libri
668 4459 832 4526 cuiusdam
853 4461 1077 4546 argumentum
1097 4457 1141 4524 sit
1160 4461 1352 4542 persecutus.

823 4612 896 4698 De
927 4611 1074 4698 libris
1105 4610 1150 4696 V
1179 4611 1247 4698 VI
1278 4609 1382 4697 Vll

401 4751 505 4820 Varro
521 4753 606 4841 quod
627 4755 662 4820 in
676 4753 726 4820 his
740 4754 831 4820 libris
853 4753 1087 4821 conscribendis
1107 4753 1274 4820 mnsilium
1287 4752 1444 4830 habuerit,
1467 4751 1534 4837 ipae
1554 4750 1648 4817 initio
1668 4750 1742 4816 libri
1756 4748 1787 4816 V
1804 4749 1898 4827 dioit;

300 4891 414 4957 nempe
436 4892 468 4936 se
489 4870 659 4957 profitetur
680 4869 885 4956 scripturum,
916 4893 935 4936 a
963 4869 1076 4954 quibus
1097 4869 1191 4936 rebus
1211 4867 1366 4936 vocabula
1387 4868 1452 4934 sint
1472 4867 1621 4953 imposita
1645 4867 1680 4932 in
1706 4866 1834 4952 lingua,
1866 4870 1900 4932 et
