4684 5792
1194 762 1215 827 4

405 960 565 1028 difficilior
584 961 738 1028 librorum
760 961 815 1046 qui
836 961 879 1026 ad
896 963 1040 1026 nostram
1061 965 1202 1028 aetatem
1221 965 1434 1049 pervenerunt
1461 958 1645 1026 condicione
1666 958 1871 1026 vehementer
1893 959 2018 1030 afflicta

406 1077 552 1144 officitur.
594 1077 718 1144 Extant
739 1079 823 1143 enim
844 1079 926 1144 liber
945 1076 977 1142 V
997 1076 1045 1143 VI
1065 1078 1130 1144 VII
1151 1081 1190 1160 de
1217 1081 1386 1156 rerbomm
1413 1078 1585 1144 latinorum
1613 1075 1805 1163 originibus,
1836 1082 1905 1143 tum
1933 1079 2019 1146 liber

405 1192 485 1260 VIII
505 1193 603 1260 VIIII
623 1194 654 1260 X
675 1195 714 1261 de
737 1195 985 1262 declinationum
1005 1173 1242 1283 disciplina-ad
1263 1195 1306 1263 lt
1329 1196 1468 1262 Tullium
1490 1193 1673 1260 Ciceronem
1680 1195 1709 1280 ⁴)
1738 1193 1863 1279 scripti,
1892 1193 2022 1261 lacunis

406 1312 655 1398 corruptelisque
682 1313 785 1378 omnis
814 1312 938 1398 generis
966 1313 1092 1392 referti3
1122 1317 1274 1398 quattuor
1301 1312 1375 1378 libri
1403 1313 1524 1398 priores
1552 1316 1586 1378 et
1613 1310 1726 1396 reliqui
1752 1331 1861 1376 omnes
1888 1316 2017 1397 praeter

404 1449 565 1514 perpauca
586 1429 767 1516 fragmenta
776 1431 805 1516 ⁶)
826 1430 1065 1497 interciderunt.
1108 1430 1347 1516 Quinquaginta
1375 1429 1442 1495 fere
1469 1433 1695 1514 computantur
1714 1426 1869 1494 Varronis
1891 1428 1930 1494 de
1951 1427 1972 1492 l.
1992 1430 2014 1497 1.

406 1547 528 1614 codices
559 1568 631 1612 mss.
664 1551 697 1612 ct
727 1545 865 1613 melioris
898 1550 931 1611 et
963 1545 1128 1612 deterioris
1156 1550 1268 1624 notae;
1297 1547 1351 1612 sed
1379 1567 1444 1611 non
1473 1545 1567 1612 modo
1595 1567 1705 1612 omnes
1731 1545 1861 1612 lacunas
1890 1546 2017 1614 easdem

406 1661 565 1748 verbaque
594 1663 708 1728 misere
735 1669 885 1749 corrupta
914 1663 1084 1743 exhibent,
1113 1687 1224 1730 verum
1252 1665 1350 1730 etiam
1386 1664 1527 1729 omnium
1563 1663 1634 1729 fons
1662 1661 1903 1749 Florentinusi)
1932 1664 2016 1731 solus

406 1780 523 1846 saeculi
558 1780 732 1861 undecimi,
768 1781 883 1866 reliqui
922 1785 997 1846 sunt
1036 1779 1141 1864 quinti
1173 1781 1294 1848 decimi.
1345 1780 1430 1858 Quas
1457 1781 1500 1846 ob
1530 1793 1654 1846 caussas
1686 1802 1758 1847 cum
1790 1780 1943 1846 iudicium
1975 1783 2014 1848 de

406 1897 553 1966 universo
581 1896 642 1963 hoc
662 1897 817 1963 Varronis
838 1919 933 1983 opere
960 1897 1137 1983 perfectum
1157 1902 1191 1964 et
1211 1898 1393 1965 absolutum
1415 1901 1485 1963 ‘non
1512 1898 1613 1983 possis
1640 1902 1798 1977 statuere,
1825 1903 1934 1963 tamen
1962 1921 2017 1965 sex

406 2013 469 2079 illis
497 2014 587 2117 libris
616 2015 694 2081 satis
722 2014 823 2080 multa
852 2015 970 2101 scripta
998 2019 1073 2080 sunt
1101 2015 1215 2100 quibus
1241 2014 1318 2100 quid
1345 2015 1449 2083 Varro
1481 2016 1618 2082 uoluerit
1648 2018 1811 2101 praestare
1837 1987 2018 2100 generatim

408 2131 649 2197 demonstretur.
693 2131 821 2207 Etenim
841 2154 943 2218 neque
965 2135 1076 2198 auctor
1097 2133 1165 2217 ipse
1187 2131 1263 2217 quid
1285 2132 1408 2198 consilii
1422 2133 1456 2196 in
1471 2132 1522 2198 his
1537 2133 1628 2198 libris
1642 2132 1877 2216 conscribendis
1890 2137 2023 2198 secutus.
2125 2219 2129 2224 .

407 2247 449 2313 sit
469 2253 572 2330 tacet,
594 2271 697 2334 neque
718 2253 786 2315 tam
806 2272 908 2336 pauca
930 2249 1077 2316 disseruit
1098 2252 1155 2314 aut
1175 2253 1243 2314 tam
1265 2249 1366 2314 multa
1386 2249 1565 2334 perierunt,-
1579 2254 1617 2316 nt
1636 2251 1716 2316 illud
1738 2250 1905 2316 diiudicari
1925 2254 1959 2315 et
1979 2271 2025 2316 ea.

408 2364 446 2430 de
468 2387 503 2431 re
529 2367 608 2433 certi
629 2365 749 2451 aliquid
778 2368 880 2433 conici
907 2389 972 2432 non
999 2366 1110 2452 possit
1153 2365 1376 2442 Quaestionem
1406 2371 1513 2432 autem
1539 2367 1578 2432 de
1607 2367 1657 2434 his
1684 2368 1774 2432 libris
1802 2369 1850 2433 ita
1871 2389 1940 2432 snm
1961 2389 2021 2432 ex-

407 2488 540 2563 secutus,
555 2487 603 2563 ut,
618 2488 807 2569 argumento
822 2505 930 2550 eorum
943 2483 1052 2568 paucis
1067 2484 1234 2569 descripto,
1257 2483 1295 2548 de
1311 2484 1444 2568 singulis
1460 2483 1550 2550 libris
1565 2485 1618 2569 qui
1633 2484 1814 2570 argumenti
1825 2483 2017 2568 cognatione

407 2601 545 2687 quadam
565 2602 650 2667 inter
671 2623 704 2666 se
725 2603 930 2668 continentur
951 2593 1144 2680 dissererem,
1169 2600 1280 2665 addita
1301 2601 1339 2666 de
1361 2602 1486 2668 casibus
1509 2602 1779 2686 divisionibusque
1800 2601 2020 2686 grammaticis

407 2743 426 2786 a
446 2717 591 2784 Varrone
612 2719 725 2803 positis
747 2717 1026 2803 disputatiuncula.
1076 2695 1078 2700 Ι

508 2912 679 2995 (secuudum
703 2917 872 2989 Hieronymi
894 2916 1059 2989 catalogum
1081 2909 1122 2996 V)
1145 2915 1211 2974 libri
1232 2913 1268 2974 de
1290 2931 1422 2976 sermone
1443 2917 1536 2980 latino
1557 2933 1629 2992 quos
1651 2915 1693 2978 ad.
1706 2913 1875 2980 Marcellum
1898 2913 2016 2988 scripsit

509 3007 669 3082 quibusque
700 3014 792 3066 artem
822 3009 972 3067 metricam
1003 3005 1091 3066 tuisse
1119 3006 1291 3081 explicatam
1320 3004 1483 3082 fragmenta
1509 3008 1592 3068 uobis
1623 3013 1739 3068 servata
1762 3004 1927 3065 ostendunt.
1972 3003 2019 3071 (li.

510 3095 635 3160 Ritscbl
650 3099 783 3170 Quaerit.
800 3099 886 3164 Varr.
907 3097 923 3175 ἕ
943 3099 992 3162 16.
1013 3097 1091 3163 Mus.
1107 3097 1199 3162 Rhcn.
1212 3113 1277 3157 nov.
1294 3096 1332 3156 VI
1354 3115 1383 3173 p.
1401 3101 1471 3164 524.
1519 3095 1700 3161 Wilmonns
1720 3098 1756 3157 de
1771 3097 1813 3162 ll.
1830 3095 1864 3157 Τ.
1878 3095 2019 3156 Varronis

507 3190 589 3250 libris
612 3207 732 3265 gramm.
755 3187 867 3270 (Borol.
892 3185 988 3270 1861)
1010 3206 1039 3264 p.
1062 3191 1101 3248 49
1125 3191 1174 3264 qui
1195 3189 1337 3248 rationem
1360 3207 1433 3264 quae
1454 3192 1532 3250 inter
1553 3190 1643 3251 libros
1672 3191 1707 3250 de
1737 3191 1836 3264 lingua
1865 3188 1957 3246 latina
1987 3195 2017 3249 et

509 3298 559 3342 eos
589 3283 638 3356 qui
667 3282 703 3342 de
731 3298 864 3342 sermone
892 3282 984 3341 latino
1013 3289 1097 3340 erant
1127 3280 1289 3342 intercedat
1317 3282 1448 3341 brevitor
1474 3283 1516 3340 ita
1537 3280 1698 3358 siguificat,
1728 3289 1761 3340 ut
1782 3280 1838 3340 illis
1860 3281 2017 3340 stoicorum

508 3375 602 3433 locum
631 3373 703 3458 nupt
731 3367 949 3454 πραγμάτων,
978 3373 1023 3432 his
1053 3374 1209 3434 eorundem
1239 3373 1332 3432 locum
1365 3371 1435 3453 napi
1467 3373 1582 3461 φωνῆς
1614 3375 1739 3450 scriptor
1767 3379 1938 3447 persecutus
1967 3373 2018 3439 sit.

508 3464 651 3524 Libellum
674 3483 731 3541 quo
749 3461 868 3528 Usener
880 3465 1051 3523 Wilmannsi
1074 3466 1178 3526 librum
1200 3465 1345 3525 recensuit
1360 3465 1429 3524 mibi
1450 3481 1507 3524 non
1529 3473 1649 3540 praesto
1671 3465 1759 3524 tuisse
1781 3464 2017 3538 aegerrimetuli.

458 3559 485 3636 ⁴)
508 3559 552 3626 Gi.
573 3566 624 3618 not
647 3557 670 3624 1.
692 3589 731 3602 -
754 3555 860 3616 Libros
882 3554 991 3616 11-1v
1022 3555 1172 3632 Septumio
1200 3559 1320 3617 miserat
1348 3557 1458 3632 Varro,
1488 3566 1641 3632 sequentes
1670 3556 1817 3617 Ciceroni:
1845 3555 1923 3629 quod
1953 3571 2018 3616 cum

503 3650 646 3718 librorum
668 3647 764 3707 V-X
786 3649 936 3723 Inscriptio
957 3648 1077 3727 doceat,
1107 3650 1144 3710 de
1172 3651 1291 3725 reliquis
1319 3649 1367 3724 qui
1396 3665 1460 3708 cnm
1489 3648 1634 3722 prioribus
1656 3666 1693 3708 ex
1714 3647 1903 3722 dispositione
1925 3649 2025 3708 totius.

508 3745 605 3819 operis
627 3748 709 3801 arcte
730 3740 887 3801 cohaerent
909 3738 1037 3799 dubitari
1057 3745 1157 3818 nequit
1179 3750 1209 3803 et
1230 3738 1418 3801 confirmatur
1433 3758 1468 3800 eo
1490 3739 1567 3814 quod
1590 3741 1636 3800 vel
1657 3740 1723 3800 libri
1746 3739 1855 3800 11-1v
1877 3738 2019 3801 aServio

509 3835 693 3910 Philargyrio
713 3831 852 3892 Diomede
873 3830 910 3890 ad
930 3830 1100 3894 Ciceronem
1121 3836 1222 3910 scripti
1244 3851 1263 3893 a
1283 3833 1398 3907 potiore
1420 3833 1565 3894 dicuntur.

461 3928 486 4006 ⁶)
509 3928 554 3988 De
575 3925 746 4000 fragmentis
767 3923 805 3982 ad
826 3925 1032 3999 grammaticen
1054 3927 1267 4002 pertinentibus
1289 3926 1397 4001 optime
1419 3926 1538 3984 meritus
1561 3929 1607 3983 est
1633 3917 1815 3984 Wilmomts
1836 3919 1910 3982 libro
1932 3939 2018 3997 quem

508 4036 598 4097 supra
619 4016 713 4077 attuli.
755 4015 881 4074 Primam
902 4015 987 4076 huius
1008 4016 1098 4078 libelli
1118 4019 1290 4093 particulam
1312 4017 1350 4077 ad
1378 4017 1468 4076 libros
1494 4023 1610 4075 nostros
1639 4021 1820 4090 spectantem
1842 4031 2017 4076 summorum

508 4115 537 4172 in
558 4108 743 4186 philosophia
762 4107 902 4166 bonorum
926 4109 982 4168 rite
1004 4108 1226 4170 obtinendorum
1248 4127 1352 4170 caussa
1365 4109 1484 4169 Bounae
1509 4110 1587 4167 1883
1611 4108 1725 4183 publice
1748 4105 1894 4169 detersam
1916 4123 1934 4166 a
1955 4109 2020 4168 siro

510 4202 678 4265 doctissimo
699 4198 899 4259 liberalissime
920 4200 971 4259 illo
992 4207 1125 4276 tempore
1145 4219 1256 4262 mecum
1286 4202 1524 4263 communicatam
1555 4216 1621 4261 esse
1650 4206 1735 4276 grato
1765 4201 1885 4275 eloquor
1913 4200 2025 4278 auimo,

510 4309 682 4371 quamquam
704 4291 842 4354 nonnulla
862 4291 891 4350 in
913 4308 947 4351 ea
964 4300 1032 4350 sunt
1053 4293 1156 4366 qulbus
1178 4311 1235 4353 non
1257 4295 1409 4356 mseutbr.

391 4407 392 4412 ¹
460 4390 486 4466 ⁶)
508 4385 706 4446 Florentinum
723 4383 860 4444 ,omnium
890 4399 954 4443 esse
983 4393 1134 4459 parentem
1155 4387 1213 4445 iam
1234 4386 1363 4460 Angelus
1391 4385 1488 4444 Maius
1516 4383 1631 4458 prodit,
1654 4383 1854 4446 Lachmannus
1880 4389 2021 4444 accurata

509 4479 585 4538 illius
606 4476 761 4537 collatione
783 4491 852 4538 usus
874 4475 1011 4538 ostendit.
1043 4473 1609 4558 (31.8]ιεηρεῐῑιωηῑιιρηοῑ,111181,
1630 4479 1692 4534 tum
1713 4473 1740 4530 in
1763 4471 1876 4532 libello:
1898 4473 2021 4548 „Ueber

510 4571 557 4630 die
585 4567 683 4628 Kritik
711 4566 764 4628 der
792 4565 1004 4628 Varronischen
1034 4568 1167 4629 Buecber
1189 4570 1264 4630 del.
1287 4569 1329 4627 l.“
1357 4566 1601 4644 (Abhaudluugen
1624 4565 1677 4625 der
1697 4563 2019 4640 philosophisch-philo·

509 4661 658 4739 logischen
686 4659 791 4719 Klasse
822 4657 875 4717 der
904 4658 938 4720 K.
963 4659 1158 4735 Bayeriscben
1185 4660 1342 4720 Academia
1373 4659 1425 4719 der
1446 4653 1708 4728 Wissenschaiten;
1730 4655 1892 4716 Mnenchen
1916 4659 2020 4736 1858),

508 4761 657 4831 postremo
685 4752 714 4810 iu
744 4751 986 4811 commentatione
1015 4752 1051 4812 de
1080 4752 1260 4813 emendanda
1290 4752 1404 4812 ratione
1431 4749 1569 4811 librorum
1600 4749 1642 4814 hl.
1672 4747 1707 4814 Τ.
1730 4748 1868 4808 Varronis
1898 4747 1935 4808 de
1956 4749 2030 4818 lt

389 4847 392 4852 “
510 4845 647 4910 Monacb.
669 4845 760 4908 1858.
