<?xml version="1.0" encoding="UTF-8"?>
<!DOCTYPE html PUBLIC "-//W3C//DTD XHTML 1.0 Transitional//EN"
    "http://www.w3.org/TR/xhtml1/DTD/xhtml1-transitional.dtd">
<html xmlns="http://www.w3.org/1999/xhtml" xml:lang="en" lang="en">
 <head>
  <title>
</title>
<meta http-equiv="Content-Type" content="text/html;charset=utf-8" />
  <meta name='ocr-system' content='tesseract 3.04.00' />
  <meta name='ocr-capabilities' content='ocr_page ocr_carea ocr_par ocr_line ocrx_word'/>
</head>
<body>
  <div class='ocr_page' id='page_1' title='image "./mterentivarroni00oxgoog_0043.png"; bbox 0 0 4684 5792; ppageno 0'>
   <div class='ocr_carea' id='block_1_1' title="bbox 1221 758 1263 822">
    <p class='ocr_par' dir='ltr' id='par_1_1' title="bbox 1221 758 1263 822">
     <span class='ocr_line' id='line_1_1' title="bbox 1221 758 1263 822; baseline 0 0"><span class='ocrx_word' id='word_1_1' title='bbox 1221 758 1263 822; x_wconf 86' lang='grc'><strong>34</strong></span> 
     </span>
    </p>
   </div>
   <div class='ocr_carea' id='block_1_2' title="bbox 440 957 2050 1534">
    <p class='ocr_par' dir='ltr' id='par_1_2' title="bbox 440 957 2050 1260">
     <span class='ocr_line' id='line_1_2' title="bbox 440 957 2050 1046; baseline -0.001 -20"><span class='ocrx_word' id='word_1_2' title='bbox 440 958 634 1027; x_wconf 89' lang='lat' dir='ltr'><strong>Wilmannsi</strong></span> <span class='ocrx_word' id='word_1_3' title='bbox 667 959 784 1024; x_wconf 88' lang='lat' dir='ltr'><strong>libmm</strong></span> <span class='ocrx_word' id='word_1_4' title='bbox 811 981 840 1042; x_wconf 91' lang='lat' dir='ltr'><strong>p.</strong></span> <span class='ocrx_word' id='word_1_5' title='bbox 871 957 932 1024; x_wconf 88' lang='lat'><strong>110</strong></span> <span class='ocrx_word' id='word_1_6' title='bbox 959 980 1026 1043; x_wconf 88' lang='lat' dir='ltr'><strong>sqq.</strong></span> <span class='ocrx_word' id='word_1_7' title='bbox 1056 957 1134 1025; x_wconf 81' lang='lat' dir='ltr'><strong>&#39;Sed</strong></span> <span class='ocrx_word' id='word_1_8' title='bbox 1161 959 1251 1024; x_wconf 91' lang='lat' dir='ltr'><strong>libris</strong></span> <span class='ocrx_word' id='word_1_9' title='bbox 1279 959 1318 1024; x_wconf 90' lang='lat' dir='ltr'><strong>dc</strong></span> <span class='ocrx_word' id='word_1_10' title='bbox 1346 960 1458 1046; x_wconf 88' lang='lat' dir='ltr'><strong>lingua</strong></span> <span class='ocrx_word' id='word_1_11' title='bbox 1485 959 1587 1026; x_wconf 82' lang='lat' dir='ltr'><strong>latina</strong></span> <span class='ocrx_word' id='word_1_12' title='bbox 1614 959 1803 1044; x_wconf 78' lang='lat' dir='ltr'><strong>pronomina</strong></span> <span class='ocrx_word' id='word_1_13' title='bbox 1832 960 2050 1044; x_wconf 86' lang='lat' dir='ltr'><strong>provocabulis</strong></span> 
     </span>
     <span class='ocr_line' id='line_1_3' title="bbox 440 1073 2050 1162; baseline 0 -20"><span class='ocrx_word' id='word_1_14' title='bbox 440 1077 622 1161; x_wconf 88' lang='lat' dir='ltr'><strong>opposuisse</strong></span> <span class='ocrx_word' id='word_1_15' title='bbox 649 1073 828 1140; x_wconf 87' lang='lat' dir='ltr'><strong>Varronem</strong></span> <span class='ocrx_word' id='word_1_16' title='bbox 856 1079 888 1140; x_wconf 87' lang='lat' dir='ltr'><strong>et</strong></span> <span class='ocrx_word' id='word_1_17' title='bbox 917 1075 1123 1141; x_wconf 89' lang='lat' dir='ltr'><strong>articulorum</strong></span> <span class='ocrx_word' id='word_1_18' title='bbox 1151 1076 1280 1142; x_wconf 88' lang='lat' dir='ltr'><strong>nomine</strong></span> <span class='ocrx_word' id='word_1_19' title='bbox 1307 1075 1579 1162; x_wconf 71' lang='lat' dir='ltr'><strong>comprehendisse</strong></span> <span class='ocrx_word' id='word_1_20' title='bbox 1608 1077 1694 1143; x_wconf 90' lang='lat' dir='ltr'><strong>locus</strong></span> <span class='ocrx_word' id='word_1_21' title='bbox 1715 1075 1747 1148; x_wconf 82' lang='lat' dir='ltr'>X</span> <span class='ocrx_word' id='word_1_22' title='bbox 1766 1077 1807 1140; x_wconf 85' lang='grc'><strong>45</strong></span> <span class='ocrx_word' id='word_1_23' title='bbox 1835 1097 1928 1161; x_wconf 91' lang='lat' dir='ltr'><strong>quem</strong></span> <span class='ocrx_word' id='word_1_24' title='bbox 1956 1097 2050 1162; x_wconf 87' lang='lat' dir='ltr'><strong>snpra</strong></span> 
     </span>
     <span class='ocr_line' id='line_1_4' title="bbox 442 1191 659 1260; baseline -0.014 -3"><span class='ocrx_word' id='word_1_25' title='bbox 442 1191 537 1258; x_wconf 90' lang='lat' dir='ltr'><strong>attuli</strong></span> <span class='ocrx_word' id='word_1_26' title='bbox 558 1191 659 1260; x_wconf 86' lang='lat' dir='ltr'><strong>docet.</strong></span> 
     </span>
    </p>

    <p class='ocr_par' dir='ltr' id='par_1_3' title="bbox 441 1308 2050 1534">
     <span class='ocr_line' id='line_1_5' title="bbox 539 1308 2050 1410; baseline -0.001 -36"><span class='ocrx_word' id='word_1_27' title='bbox 539 1308 782 1374; x_wconf 88' lang='lat' dir='ltr'><strong>Numeralia</strong></span> <span class='ocrx_word' id='word_1_28' title='bbox 803 1331 906 1394; x_wconf 86' lang='lat' dir='ltr'><strong>neque</strong></span> <span class='ocrx_word' id='word_1_29' title='bbox 934 1311 968 1375; x_wconf 89' lang='lat' dir='ltr'><strong>in</strong></span> <span class='ocrx_word' id='word_1_30' title='bbox 995 1310 1137 1396; x_wconf 89' lang='lat' dir='ltr'><strong>singulas</strong></span> <span class='ocrx_word' id='word_1_31' title='bbox 1167 1312 1286 1396; x_wconf 86' lang='lat' dir='ltr'><strong>species</strong></span> <span class='ocrx_word' id='word_1_32' title='bbox 1316 1313 1440 1397; x_wconf 84' lang='lat' dir='ltr'><strong>digesta</strong></span> <span class='ocrx_word' id='word_1_33' title='bbox 1468 1333 1571 1396; x_wconf 88' lang='lat' dir='ltr'><strong>neque</strong></span> <span class='ocrx_word' id='word_1_34' title='bbox 1599 1309 1770 1396; x_wconf 89' lang='lat' dir='ltr'><strong>singularis</strong></span> <span class='ocrx_word' id='word_1_35' title='bbox 1790 1309 1950 1410; x_wconf 84' lang='lat' dir='ltr'><strong>¹orationis</strong></span> <span class='ocrx_word' id='word_1_36' title='bbox 1977 1329 2050 1393; x_wconf 90' lang='lat' dir='ltr'><strong>pars</strong></span> 
     </span>
     <span class='ocr_line' id='line_1_6' title="bbox 441 1425 2050 1534; baseline -0.001 -44"><span class='ocrx_word' id='word_1_37' title='bbox 441 1426 553 1492; x_wconf 87' lang='lat' dir='ltr'><strong>habita</strong></span> <span class='ocrx_word' id='word_1_38' title='bbox 589 1430 671 1496; x_wconf 82' lang='lat' dir='ltr'><strong>sunt.</strong></span> <span class='ocrx_word' id='word_1_39' title='bbox 730 1425 778 1490; x_wconf 88' lang='lat' dir='ltr'><strong>De</strong></span> <span class='ocrx_word' id='word_1_40' title='bbox 814 1430 985 1510; x_wconf 75' lang='lat' dir='ltr'><strong>systemate</strong></span> <span class='ocrx_word' id='word_1_41' title='bbox 1019 1427 1103 1512; x_wconf 90' lang='lat' dir='ltr'><strong>quod</strong></span> <span class='ocrx_word' id='word_1_42' title='bbox 1137 1428 1269 1534; x_wconf 68' lang='lat' dir='ltr'><strong>dicimus</strong></span> <span class='ocrx_word' id='word_1_43' title='bbox 1298 1449 1503 1495; x_wconf 87' lang='lat' dir='ltr'><strong>numerorum</strong></span> <span class='ocrx_word' id='word_1_44' title='bbox 1533 1427 1742 1493; x_wconf 79' lang='lat' dir='ltr'><strong>cardinalium</strong></span> <span class='ocrx_word' id='word_1_45' title='bbox 1773 1425 1876 1494; x_wconf 86' lang='lat' dir='ltr'><strong>Varro</strong></span> <span class='ocrx_word' id='word_1_46' title='bbox 1907 1426 2050 1511; x_wconf 89' lang='lat' dir='ltr'><strong>pluribus</strong></span> 
     </span>
    </p>
   </div>
   <div class='ocr_carea' id='block_1_3' title="bbox 441 1541 2156 1632">
    <p class='ocr_par' dir='ltr' id='par_1_4' title="bbox 441 1541 2156 1632">
     <span class='ocr_line' id='line_1_7' title="bbox 441 1541 2156 1632; baseline -0.001 -24"><span class='ocrx_word' id='word_1_47' title='bbox 441 1543 590 1608; x_wconf 76' lang='lat' dir='ltr'><strong>disseruit</strong></span> <span class='ocrx_word' id='word_1_48' title='bbox 609 1542 692 1608; x_wconf 93' lang='lat' dir='ltr'><strong>libro</strong></span> <span class='ocrx_word' id='word_1_49' title='bbox 713 1541 810 1607; x_wconf 91' lang='lat' dir='ltr'><strong>VIIII</strong></span> <span class='ocrx_word' id='word_1_50' title='bbox 831 1543 871 1608; x_wconf 85' lang='grc'><strong>86</strong></span> <span class='ocrx_word' id='word_1_51' title='bbox 893 1567 924 1628; x_wconf 90' lang='lat' dir='ltr'><strong>p.</strong></span> <span class='ocrx_word' id='word_1_52' title='bbox 946 1544 1008 1608; x_wconf 86' lang='lat'><strong>520</strong></span> <span class='ocrx_word' id='word_1_53' title='bbox 1029 1567 1084 1630; x_wconf 87' lang='lat' dir='ltr'><strong>sq,</strong></span> <span class='ocrx_word' id='word_1_54' title='bbox 1107 1546 1163 1610; x_wconf 92' lang='lat' dir='ltr'><strong>ubi</strong></span> <span class='ocrx_word' id='word_1_55' title='bbox 1184 1544 1263 1612; x_wconf 83' lang='lat' dir='ltr'><strong>haec</strong></span> <span class='ocrx_word' id='word_1_56' title='bbox 1283 1545 1449 1632; x_wconf 84' lang='lat' dir='ltr'><strong>leguntur:</strong></span> <span class='ocrx_word' id='word_1_57' title='bbox 1475 1543 1633 1625; x_wconf 88' lang='lat' dir='ltr'><strong>,Numeris</strong></span> <span class='ocrx_word' id='word_1_58' title='bbox 1660 1545 1801 1630; x_wconf 77' lang='lat' dir='ltr'><strong>antiquis</strong></span> <span class='ocrx_word' id='word_1_59' title='bbox 1827 1544 1973 1608; x_wconf 89' lang='lat' dir='ltr'><strong>omnibus</strong></span> <span class='ocrx_word' id='word_1_60' title='bbox 2002 1547 2052 1608; x_wconf 88' lang='lat' dir='ltr'><strong>est</strong></span> <span class='ocrx_word' id='word_1_61' title='bbox 2153 1601 2156 1606; x_wconf 90' lang='lat'><strong>.</strong></span> 
     </span>
    </p>
   </div>
   <div class='ocr_carea' id='block_1_4' title="bbox 410 1651 2054 4909">
    <p class='ocr_par' dir='ltr' id='par_1_5' title="bbox 410 1651 2051 2685">
     <span class='ocr_line' id='line_1_8' title="bbox 410 1651 2051 1748; baseline -0.002 -24"><span class='ocrx_word' id='word_1_62' title='bbox 410 1651 411 1656; x_wconf 32' lang='lat'>¹</span> <span class='ocrx_word' id='word_1_63' title='bbox 441 1681 506 1724; x_wconf 91' lang='lat' dir='ltr'><strong>nna</strong></span> <span class='ocrx_word' id='word_1_64' title='bbox 527 1660 700 1726; x_wconf 83' lang='lat' dir='ltr'><strong>novenaria</strong></span> <span class='ocrx_word' id='word_1_65' title='bbox 720 1662 842 1745; x_wconf 90' lang='lat' dir='ltr'><strong>regula,</strong></span> <span class='ocrx_word' id='word_1_66' title='bbox 865 1661 927 1726; x_wconf 89' lang='lat' dir='ltr'><strong>dno</strong></span> <span class='ocrx_word' id='word_1_67' title='bbox 949 1665 1048 1742; x_wconf 88' lang='lat' dir='ltr'><strong>actus,</strong></span> <span class='ocrx_word' id='word_1_68' title='bbox 1069 1667 1135 1727; x_wconf 85' lang='lat' dir='ltr'><strong>tres</strong></span> <span class='ocrx_word' id='word_1_69' title='bbox 1155 1663 1283 1748; x_wconf 54' lang='lat' dir='ltr'><strong>gadas,</strong></span> <span class='ocrx_word' id='word_1_70' title='bbox 1306 1685 1361 1729; x_wconf 85' lang='lat' dir='ltr'><strong>sex</strong></span> <span class='ocrx_word' id='word_1_71' title='bbox 1383 1663 1543 1742; x_wconf 87' lang='lat' dir='ltr'><strong>decuriae,</strong></span> <span class='ocrx_word' id='word_1_72' title='bbox 1572 1682 1653 1747; x_wconf 84' lang='lat' dir='ltr'><strong>quae</strong></span> <span class='ocrx_word' id='word_1_73' title='bbox 1673 1661 1779 1725; x_wconf 87' lang='lat' dir='ltr'><strong>omniu</strong></span> <span class='ocrx_word' id='word_1_74' title='bbox 1800 1659 1946 1724; x_wconf 79' lang='lat' dir='ltr'><strong>simfliter</strong></span> <span class='ocrx_word' id='word_1_75' title='bbox 1966 1658 2051 1722; x_wconf 83' lang='lat' dir='ltr'><strong>inter</strong></span> 
     </span>
     <span class='ocr_line' id='line_1_9' title="bbox 441 1776 2050 1866; baseline -0.002 -24"><span class='ocrx_word' id='word_1_76' title='bbox 441 1794 474 1842; x_wconf 85' lang='lat' dir='ltr'><strong>se</strong></span> <span class='ocrx_word' id='word_1_77' title='bbox 496 1777 696 1862; x_wconf 87' lang='lat' dir='ltr'><strong>respondent.</strong></span> <span class='ocrx_word' id='word_1_78' title='bbox 738 1777 863 1864; x_wconf 87' lang='lat' dir='ltr'><strong>Regula</strong></span> <span class='ocrx_word' id='word_1_79' title='bbox 885 1783 933 1844; x_wconf 88' lang='lat' dir='ltr'><strong>est</strong></span> <span class='ocrx_word' id='word_1_80' title='bbox 953 1801 1103 1844; x_wconf 89' lang='lat' dir='ltr'><strong>numerus</strong></span> <span class='ocrx_word' id='word_1_81' title='bbox 1124 1782 1323 1861; x_wconf 81' lang='lat' dir='ltr'><strong>novenarius,</strong></span> <span class='ocrx_word' id='word_1_82' title='bbox 1346 1781 1431 1866; x_wconf 90' lang='lat' dir='ltr'><strong>quod</strong></span> <span class='ocrx_word' id='word_1_83' title='bbox 1446 1781 1487 1846; x_wconf 93' lang='lat' dir='ltr'><strong>ab</strong></span> <span class='ocrx_word' id='word_1_84' title='bbox 1504 1801 1567 1845; x_wconf 91' lang='lat' dir='ltr'><strong>uno</strong></span> <span class='ocrx_word' id='word_1_85' title='bbox 1583 1779 1624 1844; x_wconf 84' lang='lat' dir='ltr'><strong>ad</strong></span> <span class='ocrx_word' id='word_1_86' title='bbox 1638 1799 1750 1844; x_wconf 83' lang='lat' dir='ltr'><strong>norom</strong></span> <span class='ocrx_word' id='word_1_87' title='bbox 1766 1799 1837 1843; x_wconf 89' lang='lat' dir='ltr'><strong>cum</strong></span> <span class='ocrx_word' id='word_1_88' title='bbox 1851 1776 2050 1861; x_wconf 80' lang='lat' dir='ltr'><strong>pervenimus</strong></span> 
     </span>
     <span class='ocr_line' id='line_1_10' title="bbox 441 1894 2051 1982; baseline -0.001 -24"><span class='ocrx_word' id='word_1_89' title='bbox 441 1916 549 1959; x_wconf 89' lang='lat' dir='ltr'><strong>rursus</strong></span> <span class='ocrx_word' id='word_1_90' title='bbox 578 1895 715 1960; x_wconf 87' lang='lat' dir='ltr'><strong>redimus</strong></span> <span class='ocrx_word' id='word_1_91' title='bbox 745 1895 785 1960; x_wconf 91' lang='lat' dir='ltr'><strong>ad</strong></span> <span class='ocrx_word' id='word_1_92' title='bbox 813 1917 928 1976; x_wconf 91' lang='lat' dir='ltr'><strong>unum,</strong></span> <span class='ocrx_word' id='word_1_93' title='bbox 957 1899 990 1962; x_wconf 87' lang='lat' dir='ltr'><strong>ct</strong></span> <span class='ocrx_word' id='word_1_94' title='bbox 1018 1894 1093 1964; x_wconf 89' lang='lat' dir='ltr'><strong>hinc</strong></span> <span class='ocrx_word' id='word_1_95' title='bbox 1121 1901 1155 1963; x_wconf 87' lang='lat' dir='ltr'><strong>et</strong></span> <span class='ocrx_word' id='word_1_96' title='bbox 1184 1919 1298 1964; x_wconf 82' lang='lat' dir='ltr'><strong>novem</strong></span> <span class='ocrx_word' id='word_1_97' title='bbox 1326 1902 1360 1964; x_wconf 88' lang='lat' dir='ltr'><strong>et</strong></span> <span class='ocrx_word' id='word_1_98' title='bbox 1383 1898 1563 1982; x_wconf 78' lang='lat' dir='ltr'><strong>nonaginta</strong></span> <span class='ocrx_word' id='word_1_99' title='bbox 1592 1900 1625 1962; x_wconf 89' lang='lat' dir='ltr'><strong>et</strong></span> <span class='ocrx_word' id='word_1_100' title='bbox 1652 1894 1808 1980; x_wconf 81' lang='lat' dir='ltr'><strong>nongenti</strong></span> <span class='ocrx_word' id='word_1_101' title='bbox 1830 1894 1870 1958; x_wconf 88' lang='lat' dir='ltr'><strong>ab</strong></span> <span class='ocrx_word' id='word_1_102' title='bbox 1891 1915 1955 1958; x_wconf 88' lang='lat' dir='ltr'><strong>una</strong></span> <span class='ocrx_word' id='word_1_103' title='bbox 1977 1897 2051 1957; x_wconf 89' lang='lat' dir='ltr'><strong>sunt</strong></span> 
     </span>
     <span class='ocr_line' id='line_1_11' title="bbox 441 2011 2050 2098; baseline -0.001 -24"><span class='ocrx_word' id='word_1_104' title='bbox 441 2017 558 2076; x_wconf 89' lang='lat' dir='ltr'><strong>natura</strong></span> <span class='ocrx_word' id='word_1_105' title='bbox 579 2013 766 2077; x_wconf 86' lang='lat' dir='ltr'><strong>novenaria:</strong></span> <span class='ocrx_word' id='word_1_106' title='bbox 788 2012 832 2079; x_wconf 92' lang='lat' dir='ltr'><strong>sic</strong></span> <span class='ocrx_word' id='word_1_107' title='bbox 854 2014 894 2077; x_wconf 93' lang='lat' dir='ltr'><strong>ab</strong></span> <span class='ocrx_word' id='word_1_108' title='bbox 916 2014 1080 2079; x_wconf 88' lang='lat' dir='ltr'><strong>octonaria</strong></span> <span class='ocrx_word' id='word_1_109' title='bbox 1102 2019 1135 2079; x_wconf 86' lang='lat' dir='ltr'><strong>et</strong></span> <span class='ocrx_word' id='word_1_110' title='bbox 1156 2013 1301 2080; x_wconf 87' lang='lat' dir='ltr'><strong>deorsum</strong></span> <span class='ocrx_word' id='word_1_111' title='bbox 1328 2037 1434 2080; x_wconf 81' lang='lat' dir='ltr'><strong>versus</strong></span> <span class='ocrx_word' id='word_1_112' title='bbox 1463 2035 1569 2080; x_wconf 89' lang='lat' dir='ltr'><strong>rursus</strong></span> <span class='ocrx_word' id='word_1_113' title='bbox 1591 2013 1632 2078; x_wconf 93' lang='lat' dir='ltr'><strong>ad</strong></span> <span class='ocrx_word' id='word_1_114' title='bbox 1657 2013 1832 2098; x_wconf 79' lang='lat' dir='ltr'><strong>singularia</strong></span> <span class='ocrx_word' id='word_1_115' title='bbox 1853 2011 2050 2096; x_wconf 85' lang='lat' dir='ltr'><strong>perveniunt.</strong></span> 
     </span>
     <span class='ocr_line' id='line_1_12' title="bbox 442 2125 2050 2216; baseline -0.001 -24"><span class='ocrx_word' id='word_1_116' title='bbox 442 2129 542 2194; x_wconf 78' lang='lat' dir='ltr'><strong>Actus</strong></span> <span class='ocrx_word' id='word_1_117' title='bbox 563 2129 683 2212; x_wconf 91' lang='lat' dir='ltr'><strong>primus</strong></span> <span class='ocrx_word' id='word_1_118' title='bbox 705 2135 753 2195; x_wconf 87' lang='lat' dir='ltr'><strong>est</strong></span> <span class='ocrx_word' id='word_1_119' title='bbox 774 2131 815 2195; x_wconf 90' lang='lat' dir='ltr'><strong>ab</strong></span> <span class='ocrx_word' id='word_1_120' title='bbox 836 2152 899 2195; x_wconf 92' lang='lat' dir='ltr'><strong>uno</strong></span> <span class='ocrx_word' id='word_1_121' title='bbox 922 2131 963 2194; x_wconf 88' lang='lat' dir='ltr'><strong>ad</strong></span> <span class='ocrx_word' id='word_1_122' title='bbox 984 2135 1157 2216; x_wconf 82' lang='lat' dir='ltr'><strong>nongenta,</strong></span> <span class='ocrx_word' id='word_1_123' title='bbox 1180 2132 1334 2197; x_wconf 89' lang='lat' dir='ltr'><strong>secundus</strong></span> <span class='ocrx_word' id='word_1_124' title='bbox 1362 2155 1382 2196; x_wconf 94' lang='lat' dir='ltr'><strong>a</strong></span> <span class='ocrx_word' id='word_1_125' title='bbox 1410 2131 1496 2197; x_wconf 91' lang='lat' dir='ltr'><strong>mille</strong></span> <span class='ocrx_word' id='word_1_126' title='bbox 1526 2131 1566 2210; x_wconf 79' lang='lat' dir='ltr'><strong>ad</strong></span> <span class='ocrx_word' id='word_1_127' title='bbox 1595 2133 1759 2216; x_wconf 88' lang='lat' dir='ltr'><strong>nongenta</strong></span> <span class='ocrx_word' id='word_1_128' title='bbox 1787 2128 1884 2193; x_wconf 90' lang='lat' dir='ltr'><strong>milia.</strong></span> <span class='ocrx_word' id='word_1_129' title='bbox 1927 2125 2050 2192; x_wconf 86' lang='lat' dir='ltr'><strong>Gradus</strong></span> 
     </span>
     <span class='ocr_line' id='line_1_13' title="bbox 441 2243 2049 2334; baseline -0.002 -24"><span class='ocrx_word' id='word_1_130' title='bbox 441 2243 612 2329; x_wconf 87' lang='lat' dir='ltr'><strong>singularis</strong></span> <span class='ocrx_word' id='word_1_131' title='bbox 634 2246 737 2310; x_wconf 90' lang='lat' dir='ltr'><strong>estin</strong></span> <span class='ocrx_word' id='word_1_132' title='bbox 758 2251 892 2332; x_wconf 89' lang='lat' dir='ltr'><strong>utroque</strong></span> <span class='ocrx_word' id='word_1_133' title='bbox 915 2253 989 2314; x_wconf 89' lang='lat' dir='ltr'><strong>actu</strong></span> <span class='ocrx_word' id='word_1_134' title='bbox 1010 2247 1051 2312; x_wconf 91' lang='lat' dir='ltr'><strong>ab</strong></span> <span class='ocrx_word' id='word_1_135' title='bbox 1072 2270 1136 2313; x_wconf 91' lang='lat' dir='ltr'><strong>uno</strong></span> <span class='ocrx_word' id='word_1_136' title='bbox 1159 2248 1200 2314; x_wconf 90' lang='lat' dir='ltr'><strong>ad</strong></span> <span class='ocrx_word' id='word_1_137' title='bbox 1210 2270 1335 2330; x_wconf 82' lang='lat' dir='ltr'><strong>novem,</strong></span> <span class='ocrx_word' id='word_1_138' title='bbox 1357 2249 1504 2315; x_wconf 86' lang='lat' dir='ltr'><strong>denarius</strong></span> <span class='ocrx_word' id='word_1_139' title='bbox 1519 2248 1636 2334; x_wconf 79' lang='lat' dir='ltr'><strong>gradus</strong></span> <span class='ocrx_word' id='word_1_140' title='bbox 1650 2269 1670 2312; x_wconf 92' lang='lat' dir='ltr'><strong>a</strong></span> <span class='ocrx_word' id='word_1_141' title='bbox 1685 2247 1794 2312; x_wconf 86' lang='lat' dir='ltr'><strong>decem</strong></span> <span class='ocrx_word' id='word_1_142' title='bbox 1808 2245 1849 2309; x_wconf 88' lang='lat' dir='ltr'><strong>ad</strong></span> <span class='ocrx_word' id='word_1_143' title='bbox 1862 2244 2049 2328; x_wconf 76' lang='lat' dir='ltr'><strong>nonaginta,</strong></span> 
     </span>
     <span class='ocr_line' id='line_1_14' title="bbox 440 2360 2050 2450; baseline -0.001 -24"><span class='ocrx_word' id='word_1_144' title='bbox 440 2362 641 2426; x_wconf 87' lang='lat' dir='ltr'><strong>centenarius</strong></span> <span class='ocrx_word' id='word_1_145' title='bbox 663 2385 682 2426; x_wconf 89' lang='lat' dir='ltr'><strong>a</strong></span> <span class='ocrx_word' id='word_1_146' title='bbox 703 2368 831 2428; x_wconf 87' lang='lat' dir='ltr'><strong>centum</strong></span> <span class='ocrx_word' id='word_1_147' title='bbox 852 2365 893 2428; x_wconf 86' lang='lat' dir='ltr'><strong>ad</strong></span> <span class='ocrx_word' id='word_1_148' title='bbox 908 2368 1081 2449; x_wconf 86' lang='lat' dir='ltr'><strong>nongenta.</strong></span> <span class='ocrx_word' id='word_1_149' title='bbox 1124 2362 1176 2429; x_wconf 89' lang='lat' dir='ltr'><strong>Ita</strong></span> <span class='ocrx_word' id='word_1_150' title='bbox 1190 2365 1293 2430; x_wconf 90' lang='lat' dir='ltr'><strong>tribus</strong></span> <span class='ocrx_word' id='word_1_151' title='bbox 1308 2365 1459 2450; x_wconf 89' lang='lat' dir='ltr'><strong>gradibus</strong></span> <span class='ocrx_word' id='word_1_152' title='bbox 1474 2387 1528 2430; x_wconf 86' lang='lat' dir='ltr'><strong>sex</strong></span> <span class='ocrx_word' id='word_1_153' title='bbox 1544 2365 1689 2430; x_wconf 84' lang='lat' dir='ltr'><strong>decuriae</strong></span> <span class='ocrx_word' id='word_1_154' title='bbox 1703 2362 1794 2440; x_wconf 88' lang='lat' dir='ltr'><strong>finnt,</strong></span> <span class='ocrx_word' id='word_1_155' title='bbox 1816 2365 1881 2426; x_wconf 87' lang='lat' dir='ltr'><strong>tres</strong></span> <span class='ocrx_word' id='word_1_156' title='bbox 1895 2360 2050 2425; x_wconf 87' lang='lat' dir='ltr'><strong>miliarias</strong></span> 
     </span>
     <span class='ocr_line' id='line_1_15' title="bbox 442 2479 2047 2566; baseline -0.001 -24"><span class='ocrx_word' id='word_1_157' title='bbox 442 2482 476 2542; x_wconf 89' lang='lat' dir='ltr'><strong>ct</strong></span> <span class='ocrx_word' id='word_1_158' title='bbox 496 2483 560 2542; x_wconf 80' lang='lat' dir='ltr'><strong>tres</strong></span> <span class='ocrx_word' id='word_1_159' title='bbox 582 2479 729 2548; x_wconf 87' lang='lat' dir='ltr'><strong>minores.</strong></span> <span class='ocrx_word' id='word_1_160' title='bbox 772 2481 908 2566; x_wconf 84' lang='lat' dir='ltr'><strong>Antiqui</strong></span> <span class='ocrx_word' id='word_1_161' title='bbox 928 2480 978 2546; x_wconf 93' lang='lat' dir='ltr'><strong>his</strong></span> <span class='ocrx_word' id='word_1_162' title='bbox 999 2479 1138 2546; x_wconf 89' lang='lat' dir='ltr'><strong>numeris</strong></span> <span class='ocrx_word' id='word_1_163' title='bbox 1159 2480 1288 2546; x_wconf 85' lang='lat' dir='ltr'><strong>fuerunt</strong></span> <span class='ocrx_word' id='word_1_164' title='bbox 1299 2482 1462 2547; x_wconf 84' lang='lat' dir='ltr'><strong>contenti‘</strong></span> <span class='ocrx_word' id='word_1_165' title='bbox 1505 2481 1593 2558; x_wconf 84' lang='lat' dir='ltr'><strong>Quae</strong></span> <span class='ocrx_word' id='word_1_166' title='bbox 1609 2484 1757 2547; x_wconf 88' lang='lat' dir='ltr'><strong>secuntur</strong></span> <span class='ocrx_word' id='word_1_167' title='bbox 1771 2483 1845 2544; x_wconf 89' lang='lat' dir='ltr'><strong>sunt</strong></span> <span class='ocrx_word' id='word_1_168' title='bbox 1858 2479 2047 2552; x_wconf 86' lang='lat' dir='ltr'><strong>obscuriora,</strong></span> 
     </span>
     <span class='ocr_line' id='line_1_16' title="bbox 441 2595 1638 2685; baseline 0.002 -26"><span class='ocrx_word' id='word_1_169' title='bbox 441 2617 513 2660; x_wconf 91' lang='lat' dir='ltr'><strong>oum</strong></span> <span class='ocrx_word' id='word_1_170' title='bbox 535 2595 639 2662; x_wconf 90' lang='lat' dir='ltr'><strong>Varro</strong></span> <span class='ocrx_word' id='word_1_171' title='bbox 659 2596 700 2662; x_wconf 92' lang='lat' dir='ltr'><strong>ad</strong></span> <span class='ocrx_word' id='word_1_172' title='bbox 722 2597 850 2663; x_wconf 80' lang='lat' dir='ltr'><strong>delicias</strong></span> <span class='ocrx_word' id='word_1_173' title='bbox 872 2600 1039 2685; x_wconf 85' lang='lat' dir='ltr'><strong>analogiae</strong></span> <span class='ocrx_word' id='word_1_174' title='bbox 1061 2598 1171 2663; x_wconf 88' lang='lat' dir='ltr'><strong>redeat</strong></span> <span class='ocrx_word' id='word_1_175' title='bbox 1192 2600 1225 2662; x_wconf 89' lang='lat' dir='ltr'><strong>et</strong></span> <span class='ocrx_word' id='word_1_176' title='bbox 1245 2598 1397 2663; x_wconf 92' lang='lat' dir='ltr'><strong>nonnulla</strong></span> <span class='ocrx_word' id='word_1_177' title='bbox 1418 2596 1544 2684; x_wconf 88' lang='lat' dir='ltr'><strong>perdita</strong></span> <span class='ocrx_word' id='word_1_178' title='bbox 1564 2597 1638 2662; x_wconf 89' lang='lat' dir='ltr'><strong>sint.</strong></span> 
     </span>
    </p>

    <p class='ocr_par' dir='ltr' id='par_1_6' title="bbox 440 2706 2053 3971">
     <span class='ocr_line' id='line_1_17' title="bbox 543 2706 2049 2798; baseline 0 -22"><span class='ocrx_word' id='word_1_179' title='bbox 543 2706 679 2777; x_wconf 86' lang='lat' dir='ltr'><strong>Verba</strong></span> <span class='ocrx_word' id='word_1_180' title='bbox 699 2715 827 2798; x_wconf 87' lang='lat' dir='ltr'><strong>proprie</strong></span> <span class='ocrx_word' id='word_1_181' title='bbox 849 2715 970 2780; x_wconf 85' lang='lat' dir='ltr'><strong>anobis</strong></span> <span class='ocrx_word' id='word_1_182' title='bbox 984 2714 1071 2780; x_wconf 87' lang='lat' dir='ltr'><strong>dicta</strong></span> <span class='ocrx_word' id='word_1_183' title='bbox 1086 2715 1168 2779; x_wconf 84' lang='lat' dir='ltr'><strong>libro</strong></span> <span class='ocrx_word' id='word_1_184' title='bbox 1180 2712 1260 2779; x_wconf 89' lang='lat' dir='ltr'><strong>VIII</strong></span> <span class='ocrx_word' id='word_1_185' title='bbox 1272 2715 1426 2780; x_wconf 84' lang='lat' dir='ltr'><strong>vocabula</strong></span> <span class='ocrx_word' id='word_1_186' title='bbox 1441 2714 1574 2793; x_wconf 90' lang='lat' dir='ltr'><strong>dicendi,</strong></span> <span class='ocrx_word' id='word_1_187' title='bbox 1595 2714 1616 2778; x_wconf 93' lang='lat' dir='ltr'><strong>l.</strong></span> <span class='ocrx_word' id='word_1_188' title='bbox 1628 2711 1725 2778; x_wconf 90' lang='lat' dir='ltr'><strong>VIIII</strong></span> <span class='ocrx_word' id='word_1_189' title='bbox 1740 2712 1837 2778; x_wconf 84' lang='lat' dir='ltr'><strong>verba</strong></span> <span class='ocrx_word' id='word_1_190' title='bbox 1852 2711 2049 2796; x_wconf 85' lang='lat' dir='ltr'><strong>temporalia,</strong></span> 
     </span>
     <span class='ocr_line' id='line_1_18' title="bbox 443 2826 2050 2918; baseline 0.001 -26"><span class='ocrx_word' id='word_1_191' title='bbox 443 2828 498 2892; x_wconf 90' lang='lat' dir='ltr'><strong>lib.</strong></span> <span class='ocrx_word' id='word_1_192' title='bbox 519 2826 550 2893; x_wconf 87' lang='lat' dir='ltr'>X</span> <span class='ocrx_word' id='word_1_193' title='bbox 573 2829 740 2895; x_wconf 87' lang='lat' dir='ltr'><strong>rcrbomm</strong></span> <span class='ocrx_word' id='word_1_194' title='bbox 761 2852 861 2914; x_wconf 85' lang='lat' dir='ltr'><strong>genus</strong></span> <span class='ocrx_word' id='word_1_195' title='bbox 883 2853 963 2915; x_wconf 86' lang='lat' dir='ltr'><strong>quae</strong></span> <span class='ocrx_word' id='word_1_196' title='bbox 992 2836 1137 2918; x_wconf 87' lang='lat' dir='ltr'><strong>tempora</strong></span> <span class='ocrx_word' id='word_1_197' title='bbox 1164 2832 1285 2897; x_wconf 89' lang='lat' dir='ltr'><strong>habent</strong></span> <span class='ocrx_word' id='word_1_198' title='bbox 1317 2855 1418 2917; x_wconf 88' lang='lat' dir='ltr'><strong>neque</strong></span> <span class='ocrx_word' id='word_1_199' title='bbox 1445 2853 1550 2910; x_wconf 87' lang='lat' dir='ltr'><strong>casus,</strong></span> <span class='ocrx_word' id='word_1_200' title='bbox 1581 2832 1794 2896; x_wconf 90' lang='lat' dir='ltr'><strong>nominantur.</strong></span> <span class='ocrx_word' id='word_1_201' title='bbox 1838 2829 1915 2895; x_wconf 83' lang='lat' dir='ltr'><strong>Tres</strong></span> <span class='ocrx_word' id='word_1_202' title='bbox 1943 2830 1976 2894; x_wconf 92' lang='lat' dir='ltr'><strong>in</strong></span> <span class='ocrx_word' id='word_1_203' title='bbox 2006 2831 2050 2896; x_wconf 87' lang='lat' dir='ltr'><strong>eis</strong></span> 
     </span>
     <span class='ocr_line' id='line_1_19' title="bbox 440 2947 2049 3034; baseline 0.001 -24"><span class='ocrx_word' id='word_1_204' title='bbox 440 2966 601 3030; x_wconf 85' lang='lat' dir='ltr'><strong>personae,</strong></span> <span class='ocrx_word' id='word_1_205' title='bbox 624 2947 687 3012; x_wconf 92' lang='lat' dir='ltr'><strong>duo</strong></span> <span class='ocrx_word' id='word_1_206' title='bbox 707 2948 838 3026; x_wconf 89' lang='lat' dir='ltr'><strong>numeri,</strong></span> <span class='ocrx_word' id='word_1_207' title='bbox 862 2971 916 3013; x_wconf 86' lang='lat' dir='ltr'><strong>sex</strong></span> <span class='ocrx_word' id='word_1_208' title='bbox 936 2954 1082 3034; x_wconf 90' lang='lat' dir='ltr'><strong>tempora</strong></span> <span class='ocrx_word' id='word_1_209' title='bbox 1102 2949 1226 3033; x_wconf 81' lang='lat' dir='ltr'><strong>(inlecti</strong></span> <span class='ocrx_word' id='word_1_210' title='bbox 1247 2951 1332 3015; x_wconf 90' lang='lat' dir='ltr'><strong>enim</strong></span> <span class='ocrx_word' id='word_1_211' title='bbox 1353 2955 1385 3015; x_wconf 91' lang='lat' dir='ltr'><strong>et</strong></span> <span class='ocrx_word' id='word_1_212' title='bbox 1405 2949 1538 3034; x_wconf 87' lang='lat' dir='ltr'><strong>perfecti</strong></span> <span class='ocrx_word' id='word_1_213' title='bbox 1558 2949 1621 3013; x_wconf 88' lang='lat' dir='ltr'><strong>tria</strong></span> <span class='ocrx_word' id='word_1_214' title='bbox 1633 2947 1800 3033; x_wconf 85' lang='lat' dir='ltr'><strong>tempora),</strong></span> <span class='ocrx_word' id='word_1_215' title='bbox 1822 2947 1903 3013; x_wconf 87' lang='lat' dir='ltr'><strong>duaa</strong></span> <span class='ocrx_word' id='word_1_216' title='bbox 1921 2947 2049 3026; x_wconf 84' lang='lat' dir='ltr'><strong>formae,</strong></span> 
     </span>
     <span class='ocr_line' id='line_1_20' title="bbox 443 3064 2050 3153; baseline -0.001 -23"><span class='ocrx_word' id='word_1_217' title='bbox 443 3065 548 3130; x_wconf 84' lang='lat' dir='ltr'><strong>activa</strong></span> <span class='ocrx_word' id='word_1_218' title='bbox 569 3069 602 3129; x_wconf 86' lang='lat' dir='ltr'><strong>ct</strong></span> <span class='ocrx_word' id='word_1_219' title='bbox 623 3066 758 3150; x_wconf 86' lang='lat' dir='ltr'><strong>passiva,</strong></span> <span class='ocrx_word' id='word_1_220' title='bbox 781 3087 819 3130; x_wconf 85' lang='lat' dir='ltr'><strong>ex</strong></span> <span class='ocrx_word' id='word_1_221' title='bbox 840 3066 994 3131; x_wconf 85' lang='lat' dir='ltr'><strong>divisione</strong></span> <span class='ocrx_word' id='word_1_222' title='bbox 1015 3066 1153 3133; x_wconf 74' lang='lat' dir='ltr'><strong>faciendi</strong></span> <span class='ocrx_word' id='word_1_223' title='bbox 1183 3071 1216 3132; x_wconf 88' lang='lat' dir='ltr'><strong>et</strong></span> <span class='ocrx_word' id='word_1_224' title='bbox 1243 3067 1396 3153; x_wconf 87' lang='lat' dir='ltr'><strong>patiendi.</strong></span> <span class='ocrx_word' id='word_1_225' title='bbox 1438 3066 1641 3151; x_wconf 87' lang='lat' dir='ltr'><strong>Deponentia</strong></span> <span class='ocrx_word' id='word_1_226' title='bbox 1667 3087 1750 3149; x_wconf 88' lang='lat' dir='ltr'><strong>quae</strong></span> <span class='ocrx_word' id='word_1_227' title='bbox 1775 3064 1923 3144; x_wconf 75' lang='lat' dir='ltr'><strong>dicimus,</strong></span> <span class='ocrx_word' id='word_1_228' title='bbox 1954 3064 2050 3129; x_wconf 86' lang='lat' dir='ltr'><strong>verba</strong></span> 
     </span>
     <span class='ocr_line' id='line_1_21' title="bbox 442 3179 2051 3266; baseline 0 -20"><span class='ocrx_word' id='word_1_229' title='bbox 442 3204 523 3266; x_wconf 90' lang='lat' dir='ltr'><strong>quae</strong></span> <span class='ocrx_word' id='word_1_230' title='bbox 544 3182 705 3248; x_wconf 89' lang='lat' dir='ltr'><strong>contraria</strong></span> <span class='ocrx_word' id='word_1_231' title='bbox 726 3201 789 3246; x_wconf 91' lang='lat' dir='ltr'><strong>non</strong></span> <span class='ocrx_word' id='word_1_232' title='bbox 812 3182 935 3247; x_wconf 90' lang='lat' dir='ltr'><strong>habent</strong></span> <span class='ocrx_word' id='word_1_233' title='bbox 957 3182 1113 3248; x_wconf 89' lang='lat' dir='ltr'><strong>dicuntur.</strong></span> <span class='ocrx_word' id='word_1_234' title='bbox 1157 3183 1323 3249; x_wconf 86' lang='lat' dir='ltr'><strong>Modomm</strong></span> <span class='ocrx_word' id='word_1_235' title='bbox 1344 3184 1427 3248; x_wconf 89' lang='lat' dir='ltr'><strong>ratio</strong></span> <span class='ocrx_word' id='word_1_236' title='bbox 1449 3205 1514 3249; x_wconf 93' lang='lat' dir='ltr'><strong>non</strong></span> <span class='ocrx_word' id='word_1_237' title='bbox 1539 3183 1688 3266; x_wconf 88' lang='lat' dir='ltr'><strong>congruit</strong></span> <span class='ocrx_word' id='word_1_238' title='bbox 1708 3203 1780 3248; x_wconf 91' lang='lat' dir='ltr'><strong>cum</strong></span> <span class='ocrx_word' id='word_1_239' title='bbox 1802 3185 1918 3247; x_wconf 88' lang='lat' dir='ltr'><strong>nostra.</strong></span> <span class='ocrx_word' id='word_1_240' title='bbox 1941 3179 2051 3250; x_wconf 50' lang='lat' dir='ltr'><strong>sludi-</strong></span> 
     </span>
     <span class='ocr_line' id='line_1_22' title="bbox 442 3298 2050 3386; baseline -0.002 -18"><span class='ocrx_word' id='word_1_241' title='bbox 442 3300 564 3369; x_wconf 86' lang='lat' dir='ltr'><strong>cativus</strong></span> <span class='ocrx_word' id='word_1_242' title='bbox 587 3299 672 3364; x_wconf 89' lang='lat' dir='ltr'><strong>anim</strong></span> <span class='ocrx_word' id='word_1_243' title='bbox 693 3321 787 3383; x_wconf 87' lang='lat' dir='ltr'><strong>quem</strong></span> <span class='ocrx_word' id='word_1_244' title='bbox 808 3299 951 3378; x_wconf 90' lang='lat' dir='ltr'><strong>dicimus,</strong></span> <span class='ocrx_word' id='word_1_245' title='bbox 973 3301 1109 3385; x_wconf 90' lang='lat' dir='ltr'><strong>rogandi</strong></span> <span class='ocrx_word' id='word_1_246' title='bbox 1130 3306 1163 3366; x_wconf 87' lang='lat' dir='ltr'><strong>et</strong></span> <span class='ocrx_word' id='word_1_247' title='bbox 1184 3300 1395 3386; x_wconf 88' lang='lat' dir='ltr'><strong>respondendi</strong></span> <span class='ocrx_word' id='word_1_248' title='bbox 1417 3301 1519 3386; x_wconf 86' lang='lat' dir='ltr'><strong>specie</strong></span> <span class='ocrx_word' id='word_1_249' title='bbox 1540 3300 1722 3374; x_wconf 84' lang='lat' dir='ltr'><strong>continetur</strong></span> <span class='ocrx_word' id='word_1_250' title='bbox 1744 3299 1795 3382; x_wconf 81' lang='lat' dir='ltr'><strong>(aa</strong></span> <span class='ocrx_word' id='word_1_251' title='bbox 1816 3299 1903 3364; x_wconf 86' lang='lat' dir='ltr'><strong>enim</strong></span> <span class='ocrx_word' id='word_1_252' title='bbox 1926 3298 2050 3383; x_wconf 87' lang='lat' dir='ltr'><strong>syllaba</strong></span> 
     </span>
     <span class='ocr_line' id='line_1_23' title="bbox 443 3415 2051 3501; baseline -0.001 -19"><span class='ocrx_word' id='word_1_253' title='bbox 443 3415 561 3482; x_wconf 81' lang='lat' dir='ltr'><strong>detrita</strong></span> <span class='ocrx_word' id='word_1_254' title='bbox 582 3415 664 3481; x_wconf 91' lang='lat' dir='ltr'><strong>nihil</strong></span> <span class='ocrx_word' id='word_1_255' title='bbox 692 3415 880 3481; x_wconf 90' lang='lat' dir='ltr'><strong>discriminis</strong></span> <span class='ocrx_word' id='word_1_256' title='bbox 909 3421 958 3481; x_wconf 89' lang='lat' dir='ltr'><strong>est</strong></span> <span class='ocrx_word' id='word_1_257' title='bbox 986 3417 1020 3480; x_wconf 90' lang='lat' dir='ltr'><strong>in</strong></span> <span class='ocrx_word' id='word_1_258' title='bbox 1049 3416 1187 3501; x_wconf 84' lang='lat' dir='ltr'><strong>formis),</strong></span> <span class='ocrx_word' id='word_1_259' title='bbox 1217 3418 1436 3483; x_wconf 77' lang='lat' dir='ltr'><strong>coniunctivas</strong></span> <span class='ocrx_word' id='word_1_260' title='bbox 1464 3417 1612 3501; x_wconf 85' lang='lat' dir='ltr'><strong>optandi,</strong></span> <span class='ocrx_word' id='word_1_261' title='bbox 1641 3416 1847 3501; x_wconf 86' lang='lat' dir='ltr'><strong>imperativus</strong></span> <span class='ocrx_word' id='word_1_262' title='bbox 1875 3415 2051 3500; x_wconf 88' lang='lat' dir='ltr'><strong>imperandi</strong></span> 
     </span>
     <span class='ocr_line' id='line_1_24' title="bbox 442 3532 2049 3620; baseline -0.001 -23"><span class='ocrx_word' id='word_1_263' title='bbox 442 3534 586 3611; x_wconf 87' lang='lat' dir='ltr'><strong>nomine;</strong></span> <span class='ocrx_word' id='word_1_264' title='bbox 621 3533 797 3598; x_wconf 86' lang='lat' dir='ltr'><strong>infinitivus</strong></span> <span class='ocrx_word' id='word_1_265' title='bbox 832 3533 1019 3620; x_wconf 86' lang='lat' dir='ltr'><strong>singulatim</strong></span> <span class='ocrx_word' id='word_1_266' title='bbox 1048 3555 1113 3598; x_wconf 93' lang='lat' dir='ltr'><strong>non</strong></span> <span class='ocrx_word' id='word_1_267' title='bbox 1142 3533 1278 3619; x_wconf 91' lang='lat' dir='ltr'><strong>positus,</strong></span> <span class='ocrx_word' id='word_1_268' title='bbox 1308 3535 1386 3599; x_wconf 83' lang='lat' dir='ltr'><strong>item</strong></span> <span class='ocrx_word' id='word_1_269' title='bbox 1412 3556 1515 3620; x_wconf 85' lang='lat' dir='ltr'><strong>neque</strong></span> <span class='ocrx_word' id='word_1_270' title='bbox 1544 3533 1733 3620; x_wconf 85' lang='lat' dir='ltr'><strong>gerundium</strong></span> <span class='ocrx_word' id='word_1_271' title='bbox 1758 3553 1861 3616; x_wconf 88' lang='lat' dir='ltr'><strong>neque</strong></span> <span class='ocrx_word' id='word_1_272' title='bbox 1893 3532 2049 3617; x_wconf 87' lang='lat' dir='ltr'><strong>supinum.</strong></span> 
     </span>
     <span class='ocr_line' id='line_1_25' title="bbox 443 3651 2053 3736; baseline -0.001 -20"><span class='ocrx_word' id='word_1_273' title='bbox 443 3651 617 3736; x_wconf 88' lang='lat' dir='ltr'><strong>Participia</strong></span> <span class='ocrx_word' id='word_1_274' title='bbox 629 3672 704 3716; x_wconf 86' lang='lat' dir='ltr'><strong>vcro</strong></span> <span class='ocrx_word' id='word_1_275' title='bbox 718 3652 803 3716; x_wconf 89' lang='lat' dir='ltr'><strong>inter</strong></span> <span class='ocrx_word' id='word_1_276' title='bbox 814 3656 965 3735; x_wconf 89' lang='lat' dir='ltr'><strong>quattuor</strong></span> <span class='ocrx_word' id='word_1_277' title='bbox 978 3651 1138 3736; x_wconf 85' lang='lat' dir='ltr'><strong>principes</strong></span> <span class='ocrx_word' id='word_1_278' title='bbox 1150 3651 1302 3716; x_wconf 85' lang='lat' dir='ltr'><strong>orationis</strong></span> <span class='ocrx_word' id='word_1_279' title='bbox 1317 3657 1424 3736; x_wconf 88' lang='lat' dir='ltr'><strong>partes</strong></span> <span class='ocrx_word' id='word_1_280' title='bbox 1434 3651 1561 3718; x_wconf 86' lang='lat' dir='ltr'><strong>rettulit</strong></span> <span class='ocrx_word' id='word_1_281' title='bbox 1576 3651 1680 3716; x_wconf 90' lang='lat' dir='ltr'><strong>Varro</strong></span> <span class='ocrx_word' id='word_1_282' title='bbox 1695 3651 1854 3734; x_wconf 87' lang='lat' dir='ltr'><strong>triumque</strong></span> <span class='ocrx_word' id='word_1_283' title='bbox 1876 3655 2053 3735; x_wconf 87' lang='lat' dir='ltr'><strong>temporum</strong></span> 
     </span>
     <span class='ocr_line' id='line_1_26' title="bbox 443 3767 2052 3856; baseline -0.001 -24"><span class='ocrx_word' id='word_1_284' title='bbox 443 3769 567 3832; x_wconf 88' lang='lat' dir='ltr'><strong>ratione</strong></span> <span class='ocrx_word' id='word_1_285' title='bbox 589 3768 705 3832; x_wconf 83' lang='lat' dir='ltr'><strong>divisit.</strong></span> <span class='ocrx_word' id='word_1_286' title='bbox 749 3767 907 3844; x_wconf 83' lang='lat' dir='ltr'><strong>Quattuor</strong></span> <span class='ocrx_word' id='word_1_287' title='bbox 922 3768 1182 3855; x_wconf 84' lang='lat' dir='ltr'><strong>coniugationum</strong></span> <span class='ocrx_word' id='word_1_288' title='bbox 1196 3768 1378 3834; x_wconf 89' lang='lat' dir='ltr'><strong>discrimina</strong></span> <span class='ocrx_word' id='word_1_289' title='bbox 1399 3791 1464 3835; x_wconf 92' lang='lat' dir='ltr'><strong>non</strong></span> <span class='ocrx_word' id='word_1_290' title='bbox 1486 3769 1640 3856; x_wconf 85' lang='lat' dir='ltr'><strong>exposuit,</strong></span> <span class='ocrx_word' id='word_1_291' title='bbox 1660 3769 1735 3834; x_wconf 86' lang='lat' dir='ltr'><strong>licet</strong></span> <span class='ocrx_word' id='word_1_292' title='bbox 1751 3769 1849 3833; x_wconf 87' lang='lat' dir='ltr'><strong>verbu</strong></span> <span class='ocrx_word' id='word_1_293' title='bbox 1865 3767 2052 3853; x_wconf 84' lang='lat' dir='ltr'><strong>temporalia</strong></span> 
     </span>
     <span class='ocr_line' id='line_1_27' title="bbox 443 3883 1527 3971; baseline 0.001 -22"><span class='ocrx_word' id='word_1_294' title='bbox 443 3885 582 3950; x_wconf 89' lang='lat' dir='ltr'><strong>transitu</strong></span> <span class='ocrx_word' id='word_1_295' title='bbox 604 3885 768 3950; x_wconf 87' lang='lat' dir='ltr'><strong>dissimilia</strong></span> <span class='ocrx_word' id='word_1_296' title='bbox 789 3885 858 3949; x_wconf 84' lang='lat' dir='ltr'><strong>ficri</strong></span> <span class='ocrx_word' id='word_1_297' title='bbox 878 3884 933 3950; x_wconf 93' lang='lat' dir='ltr'><strong>lib.</strong></span> <span class='ocrx_word' id='word_1_298' title='bbox 955 3883 1052 3950; x_wconf 94' lang='lat' dir='ltr'><strong>VIIII</strong></span> <span class='ocrx_word' id='word_1_299' title='bbox 1075 3887 1135 3950; x_wconf 88' lang='grc'><strong>108</strong></span> <span class='ocrx_word' id='word_1_300' title='bbox 1155 3908 1186 3971; x_wconf 90' lang='lat' dir='ltr'><strong>p.</strong></span> <span class='ocrx_word' id='word_1_301' title='bbox 1209 3887 1269 3951; x_wconf 78' lang='lat'><strong>537</strong></span> <span class='ocrx_word' id='word_1_302' title='bbox 1293 3886 1527 3952; x_wconf 87' lang='lat' dir='ltr'><strong>demonstrarit.</strong></span> 
     </span>
    </p>

    <p class='ocr_par' dir='ltr' id='par_1_7' title="bbox 443 4001 2054 4909">
     <span class='ocr_line' id='line_1_28' title="bbox 544 4001 2053 4090; baseline 0 -24"><span class='ocrx_word' id='word_1_303' title='bbox 544 4001 784 4069; x_wconf 86' lang='lat' dir='ltr'><strong>Particulas</strong></span> <span class='ocrx_word' id='word_1_304' title='bbox 803 4025 906 4086; x_wconf 91' lang='lat' dir='ltr'><strong>neque</strong></span> <span class='ocrx_word' id='word_1_305' title='bbox 927 4001 988 4068; x_wconf 91' lang='lat' dir='ltr'><strong>hoc</strong></span> <span class='ocrx_word' id='word_1_306' title='bbox 1008 4004 1137 4069; x_wconf 90' lang='lat' dir='ltr'><strong>nomine</strong></span> <span class='ocrx_word' id='word_1_307' title='bbox 1161 4004 1335 4088; x_wconf 87' lang='lat' dir='ltr'><strong>appellavit</strong></span> <span class='ocrx_word' id='word_1_308' title='bbox 1363 4027 1466 4090; x_wconf 86' lang='lat' dir='ltr'><strong>neque</strong></span> <span class='ocrx_word' id='word_1_309' title='bbox 1494 4006 1529 4069; x_wconf 91' lang='lat' dir='ltr'><strong>in</strong></span> <span class='ocrx_word' id='word_1_310' title='bbox 1559 4025 1611 4068; x_wconf 87' lang='lat' dir='ltr'><strong>eas</strong></span> <span class='ocrx_word' id='word_1_311' title='bbox 1638 4023 1719 4087; x_wconf 88' lang='lat' dir='ltr'><strong>quae</strong></span> <span class='ocrx_word' id='word_1_312' title='bbox 1748 4001 1843 4066; x_wconf 86' lang='lat' dir='ltr'><strong>hodia</strong></span> <span class='ocrx_word' id='word_1_313' title='bbox 1873 4001 2053 4067; x_wconf 82' lang='lat' dir='ltr'><strong>referuntur</strong></span> 
     </span>
     <span class='ocr_line' id='line_1_29' title="bbox 443 4117 2053 4209; baseline -0.001 -26"><span class='ocrx_word' id='word_1_314' title='bbox 443 4125 550 4204; x_wconf 85' lang='lat' dir='ltr'><strong>partes</strong></span> <span class='ocrx_word' id='word_1_315' title='bbox 580 4119 751 4184; x_wconf 84' lang='lat' dir='ltr'><strong>distribuit.</strong></span> <span class='ocrx_word' id='word_1_316' title='bbox 804 4119 885 4184; x_wconf 86' lang='lat' dir='ltr'><strong>Rem</strong></span> <span class='ocrx_word' id='word_1_317' title='bbox 914 4142 988 4185; x_wconf 82' lang='lat' dir='ltr'><strong>vcro</strong></span> <span class='ocrx_word' id='word_1_318' title='bbox 1016 4143 1081 4186; x_wconf 92' lang='lat' dir='ltr'><strong>non</strong></span> <span class='ocrx_word' id='word_1_319' title='bbox 1110 4121 1206 4187; x_wconf 88' lang='lat' dir='ltr'><strong>semel</strong></span> <span class='ocrx_word' id='word_1_320' title='bbox 1236 4123 1355 4209; x_wconf 83' lang='lat' dir='ltr'><strong>attigit.</strong></span> <span class='ocrx_word' id='word_1_321' title='bbox 1409 4121 1454 4188; x_wconf 82' lang='lat' dir='ltr'><strong>cf.</strong></span> <span class='ocrx_word' id='word_1_322' title='bbox 1484 4121 1517 4185; x_wconf 96' lang='lat' dir='ltr'><strong>ll.</strong></span> <span class='ocrx_word' id='word_1_323' title='bbox 1545 4141 1588 4186; x_wconf 89' lang='lat' dir='ltr'><strong>cc.</strong></span> <span class='ocrx_word' id='word_1_324' title='bbox 1616 4117 1697 4183; x_wconf 86' lang='lat' dir='ltr'><strong>VIII</strong></span> <span class='ocrx_word' id='word_1_325' title='bbox 1724 4119 1744 4182; x_wconf 86' lang='lat'>9</span> <span class='ocrx_word' id='word_1_326' title='bbox 1771 4117 1851 4184; x_wconf 85' lang='lat' dir='ltr'><strong>VIII</strong></span> <span class='ocrx_word' id='word_1_327' title='bbox 1878 4121 1920 4184; x_wconf 83' lang='lat'><strong>44</strong></span> <span class='ocrx_word' id='word_1_328' title='bbox 1947 4119 1978 4184; x_wconf 84' lang='lat' dir='ltr'>X</span> <span class='ocrx_word' id='word_1_329' title='bbox 2014 4121 2053 4183; x_wconf 94' lang='grc'><strong>14</strong></span> 
     </span>
     <span class='ocr_line' id='line_1_30' title="bbox 443 4234 2052 4324; baseline 0.001 -24"><span class='ocrx_word' id='word_1_330' title='bbox 443 4234 545 4301; x_wconf 86' lang='grc' dir='ltr'>Χ17.</span> <span class='ocrx_word' id='word_1_331' title='bbox 595 4235 997 4321; x_wconf 87' lang='lat' dir='ltr'><strong>Praepositionibus</strong></span> <span class='ocrx_word' id='word_1_332' title='bbox 1025 4241 1281 4324; x_wconf 82' lang='lat' dir='ltr'><strong>praeverbiomm</strong></span> <span class='ocrx_word' id='word_1_333' title='bbox 1309 4261 1424 4304; x_wconf 89' lang='lat' dir='ltr'><strong>nomen</strong></span> <span class='ocrx_word' id='word_1_334' title='bbox 1453 4243 1504 4305; x_wconf 88' lang='lat' dir='ltr'><strong>est</strong></span> <span class='ocrx_word' id='word_1_335' title='bbox 1531 4237 1585 4302; x_wconf 94' lang='lat' dir='ltr'><strong>lib.</strong></span> <span class='ocrx_word' id='word_1_336' title='bbox 1614 4235 1662 4300; x_wconf 93' lang='lat' dir='ltr'><strong>VI</strong></span> <span class='ocrx_word' id='word_1_337' title='bbox 1686 4237 1727 4301; x_wconf 89' lang='lat'><strong>38</strong></span> <span class='ocrx_word' id='word_1_338' title='bbox 1755 4259 1787 4322; x_wconf 93' lang='lat' dir='ltr'><strong>p.</strong></span> <span class='ocrx_word' id='word_1_339' title='bbox 1812 4237 1884 4302; x_wconf 83' lang='lat'><strong>217.</strong></span> <span class='ocrx_word' id='word_1_340' title='bbox 1933 4237 2052 4302; x_wconf 86' lang='lat' dir='ltr'><strong>Eodem</strong></span> 
     </span>
     <span class='ocr_line' id='line_1_31' title="bbox 443 4335 2053 4440; baseline 0.001 -24"><span class='ocrx_word' id='word_1_341' title='bbox 443 4353 526 4418; x_wconf 92' lang='lat' dir='ltr'><strong>libro</strong></span> <span class='ocrx_word' id='word_1_342' title='bbox 538 4353 579 4417; x_wconf 86' lang='lat'><strong>63</strong></span> <span class='ocrx_word' id='word_1_343' title='bbox 589 4375 620 4438; x_wconf 92' lang='lat' dir='ltr'><strong>p.</strong></span> <span class='ocrx_word' id='word_1_344' title='bbox 633 4353 694 4418; x_wconf 85' lang='grc'><strong>240</strong></span> <span class='ocrx_word' id='word_1_345' title='bbox 718 4357 965 4440; x_wconf 90' lang='lat' dir='ltr'><strong>praepositionis</strong></span> <span class='ocrx_word' id='word_1_346' title='bbox 985 4376 1102 4420; x_wconf 86' lang='lat' dir='ltr'><strong>nomen</strong></span> <span class='ocrx_word' id='word_1_347' title='bbox 1123 4358 1155 4420; x_wconf 93' lang='lat' dir='ltr'><strong>in</strong></span> <span class='ocrx_word' id='word_1_348' title='bbox 1177 4356 1322 4440; x_wconf 90' lang='lat' dir='ltr'><strong>plurimis</strong></span> <span class='ocrx_word' id='word_1_349' title='bbox 1342 4356 1432 4422; x_wconf 87' lang='lat' dir='ltr'><strong>libris</strong></span> <span class='ocrx_word' id='word_1_350' title='bbox 1453 4377 1526 4420; x_wconf 91' lang='lat' dir='ltr'><strong>mss.</strong></span> <span class='ocrx_word' id='word_1_351' title='bbox 1550 4335 1676 4440; x_wconf 85' lang='lat' dir='ltr'><strong>legitur.</strong></span> <span class='ocrx_word' id='word_1_352' title='bbox 1720 4353 1784 4420; x_wconf 83' lang='lat' dir='ltr'><strong>Sed</strong></span> <span class='ocrx_word' id='word_1_353' title='bbox 1804 4355 1899 4421; x_wconf 87' lang='lat' dir='ltr'><strong>lectio</strong></span> <span class='ocrx_word' id='word_1_354' title='bbox 1921 4353 2053 4433; x_wconf 88' lang='lat' dir='ltr'><strong>incerta,</strong></span> 
     </span>
     <span class='ocr_line' id='line_1_32' title="bbox 444 4469 2053 4558; baseline 0 -22"><span class='ocrx_word' id='word_1_355' title='bbox 444 4491 516 4536; x_wconf 89' lang='lat' dir='ltr'><strong>cum</strong></span> <span class='ocrx_word' id='word_1_356' title='bbox 527 4469 730 4536; x_wconf 84' lang='lat' dir='ltr'><strong>Florentinus</strong></span> <span class='ocrx_word' id='word_1_357' title='bbox 740 4473 965 4558; x_wconf 85' lang='lat' dir='ltr'><strong>propositionis</strong></span> <span class='ocrx_word' id='word_1_358' title='bbox 977 4472 1107 4536; x_wconf 83' lang='lat' dir='ltr'><strong>verbum</strong></span> <span class='ocrx_word' id='word_1_359' title='bbox 1119 4472 1228 4550; x_wconf 88' lang='lat' dir='ltr'><strong>tradit,</strong></span> <span class='ocrx_word' id='word_1_360' title='bbox 1244 4472 1329 4538; x_wconf 87' lang='lat' dir='ltr'><strong>unda</strong></span> <span class='ocrx_word' id='word_1_361' title='bbox 1343 4471 1533 4557; x_wconf 86' lang='lat' dir='ltr'><strong>Spengclius</strong></span> <span class='ocrx_word' id='word_1_362' title='bbox 1543 4472 1687 4551; x_wconf 91' lang='lat' dir='ltr'><strong>coniecit,</strong></span> <span class='ocrx_word' id='word_1_363' title='bbox 1708 4474 1843 4538; x_wconf 83' lang='lat' dir='ltr'><strong>fortasse</strong></span> <span class='ocrx_word' id='word_1_364' title='bbox 1853 4471 2053 4538; x_wconf 85' lang='lat' dir='ltr'><strong>scribendum</strong></span> 
     </span>
     <span class='ocr_line' id='line_1_33' title="bbox 444 4587 2052 4674; baseline -0.001 -20"><span class='ocrx_word' id='word_1_365' title='bbox 444 4607 471 4664; x_wconf 81' lang='lat' dir='ltr'><strong>,e</strong></span> <span class='ocrx_word' id='word_1_366' title='bbox 485 4587 703 4671; x_wconf 89' lang='lat' dir='ltr'><strong>propositione</strong></span> <span class='ocrx_word' id='word_1_367' title='bbox 718 4590 873 4674; x_wconf 84' lang='lat' dir='ltr'><strong>putandi‘</strong></span> <span class='ocrx_word' id='word_1_368' title='bbox 896 4589 945 4654; x_wconf 91' lang='lat' dir='ltr'><strong>De</strong></span> <span class='ocrx_word' id='word_1_369' title='bbox 965 4589 1028 4654; x_wconf 91' lang='lat' dir='ltr'><strong>alio</strong></span> <span class='ocrx_word' id='word_1_370' title='bbox 1051 4611 1160 4656; x_wconf 88' lang='lat' dir='ltr'><strong>carum</strong></span> <span class='ocrx_word' id='word_1_371' title='bbox 1181 4589 1309 4656; x_wconf 88' lang='lat' dir='ltr'><strong>nomine</strong></span> <span class='ocrx_word' id='word_1_372' title='bbox 1330 4590 1393 4655; x_wconf 83' lang='lat' dir='ltr'><strong>rid.</strong></span> <span class='ocrx_word' id='word_1_373' title='bbox 1417 4589 1611 4655; x_wconf 89' lang='lat' dir='ltr'><strong>Wilmannsi</strong></span> <span class='ocrx_word' id='word_1_374' title='bbox 1631 4590 1652 4654; x_wconf 92' lang='lat' dir='ltr'><strong>l.</strong></span> <span class='ocrx_word' id='word_1_375' title='bbox 1664 4589 1685 4653; x_wconf 95' lang='grc'><strong>1.</strong></span> <span class='ocrx_word' id='word_1_376' title='bbox 1697 4589 1806 4674; x_wconf 87' lang='lat' dir='ltr'><strong>p.113.</strong></span> <span class='ocrx_word' id='word_1_377' title='bbox 1850 4587 1896 4654; x_wconf 83' lang='lat' dir='ltr'><strong>cf.</strong></span> <span class='ocrx_word' id='word_1_378' title='bbox 1919 4609 2000 4673; x_wconf 90' lang='lat' dir='ltr'><strong>quae</strong></span> <span class='ocrx_word' id='word_1_379' title='bbox 2012 4587 2052 4653; x_wconf 89' lang='grc' dir='ltr'><strong>Η.</strong></span> 
     </span>
     <span class='ocr_line' id='line_1_34' title="bbox 445 4701 2054 4793; baseline 0.003 -26"><span class='ocrx_word' id='word_1_380' title='bbox 445 4701 567 4768; x_wconf 86' lang='lat' dir='ltr'><strong>Usener</strong></span> <span class='ocrx_word' id='word_1_381' title='bbox 598 4703 632 4767; x_wconf 92' lang='lat' dir='ltr'><strong>in</strong></span> <span class='ocrx_word' id='word_1_382' title='bbox 666 4701 746 4768; x_wconf 81' lang='lat' dir='ltr'><strong>Mna.</strong></span> <span class='ocrx_word' id='word_1_383' title='bbox 779 4703 881 4772; x_wconf 91' lang='lat' dir='ltr'><strong>Rhen.</strong></span> <span class='ocrx_word' id='word_1_384' title='bbox 914 4729 986 4772; x_wconf 81' lang='lat' dir='ltr'><strong>nor.</strong></span> <span class='ocrx_word' id='word_1_385' title='bbox 1018 4705 1126 4772; x_wconf 86' lang='lat' dir='ltr'><strong>XXIV</strong></span> <span class='ocrx_word' id='word_1_386' title='bbox 1159 4705 1268 4792; x_wconf 76' lang='lat'><strong>(1869)</strong></span> <span class='ocrx_word' id='word_1_387' title='bbox 1285 4730 1331 4793; x_wconf 83' lang='lat' dir='ltr'><strong>p.</strong></span> <span class='ocrx_word' id='word_1_388' title='bbox 1353 4707 1393 4772; x_wconf 86' lang='lat'><strong>95</strong></span> <span class='ocrx_word' id='word_1_389' title='bbox 1417 4728 1484 4791; x_wconf 89' lang='lat' dir='ltr'><strong>sqq.</strong></span> <span class='ocrx_word' id='word_1_390' title='bbox 1513 4711 1545 4772; x_wconf 86' lang='lat' dir='ltr'><strong>ct</strong></span> <span class='ocrx_word' id='word_1_391' title='bbox 1572 4713 1639 4774; x_wconf 88' lang='lat' dir='ltr'><strong>not.</strong></span> <span class='ocrx_word' id='word_1_392' title='bbox 1663 4709 1702 4772; x_wconf 79' lang='lat'><strong>15</strong></span> <span class='ocrx_word' id='word_1_393' title='bbox 1722 4730 1753 4792; x_wconf 92' lang='lat' dir='ltr'><strong>p.</strong></span> <span class='ocrx_word' id='word_1_394' title='bbox 1776 4707 1835 4771; x_wconf 88' lang='grc'><strong>112</strong></span> <span class='ocrx_word' id='word_1_395' title='bbox 1857 4708 1991 4792; x_wconf 88' lang='lat' dir='ltr'><strong>scripsit.</strong></span> <span class='ocrx_word' id='word_1_396' title='bbox 2014 4745 2054 4756; x_wconf 96' lang='lat'>-</span> 
     </span>
     <span class='ocr_line' id='line_1_35' title="bbox 443 4791 2052 4909; baseline 0.004 -25"><span class='ocrx_word' id='word_1_397' title='bbox 443 4791 769 4886; x_wconf 69' lang='lat' dir='ltr'><strong>Interieritionea</strong></span> <span class='ocrx_word' id='word_1_398' title='bbox 791 4843 893 4908; x_wconf 90' lang='lat' dir='ltr'><strong>neque</strong></span> <span class='ocrx_word' id='word_1_399' title='bbox 903 4823 964 4889; x_wconf 90' lang='lat' dir='ltr'><strong>hoc</strong></span> <span class='ocrx_word' id='word_1_400' title='bbox 975 4845 1077 4908; x_wconf 85' lang='lat' dir='ltr'><strong>neque</strong></span> <span class='ocrx_word' id='word_1_401' title='bbox 1089 4823 1152 4888; x_wconf 87' lang='lat' dir='ltr'><strong>alio</strong></span> <span class='ocrx_word' id='word_1_402' title='bbox 1168 4825 1296 4889; x_wconf 90' lang='lat' dir='ltr'><strong>nomine</strong></span> <span class='ocrx_word' id='word_1_403' title='bbox 1308 4822 1412 4890; x_wconf 86' lang='lat' dir='ltr'><strong>Varro</strong></span> <span class='ocrx_word' id='word_1_404' title='bbox 1433 4825 1587 4909; x_wconf 88' lang='lat' dir='ltr'><strong>protulit;</strong></span> <span class='ocrx_word' id='word_1_405' title='bbox 1608 4823 1780 4890; x_wconf 89' lang='lat' dir='ltr'><strong>librone</strong></span> <span class='ocrx_word' id='word_1_406' title='bbox 1796 4847 1939 4890; x_wconf 86' lang='lat' dir='ltr'><strong>sermone</strong></span> <span class='ocrx_word' id='word_1_407' title='bbox 1952 4825 2052 4891; x_wconf 89' lang='lat' dir='ltr'><strong>latino</strong></span> 
     </span>
    </p>
   </div>
   <div class='ocr_carea' id='block_1_5' title="bbox 0 0 2352 5792">
    <p class='ocr_par' dir='ltr' id='par_1_8' title="bbox 0 0 2352 5792">
     <span class='ocr_line' id='line_1_36' title="bbox 0 0 2352 5792; baseline 0 0"><span class='ocrx_word' id='word_1_408' title='bbox 0 0 2352 5792; x_wconf 95' lang='lat' dir='ltr'><strong> </strong></span> 
     </span>
    </p>
   </div>
  </div>
 </body>
</html>
