4684 5792
1212 799 1252 866 82

1132 881 1331 894 mm

430 1021 458 1076 ι,
475 998 584 1066 multis
605 998 676 1064 ideo
696 997 975 1082 participalia
996 997 1031 1082 (l.
1055 996 1184 1064 vinee
1197 1020 1229 1084 p.
1245 999 1308 1064 434
1328 998 1556 1084 participis
1576 998 1794 1084 nominantur)
1816 1000 2041 1068 tocsriVsrro

427 1115 541 1194 retent,
564 1137 644 1200 qnae
666 1114 778 1180 dirisio
801 1116 953 1194 extistit,
975 1115 1057 1181 libro
1077 1114 1109 1181 X
1128 1137 1193 1181 non
1213 1115 1371 1192 discimus.
1393 1137 1465 1182 cnm
1485 1115 1555 1182 loco
1571 1137 1640 1200 quo
1661 1115 1722 1182 hec
1743 1116 1783 1182 de
1800 1138 1835 1183 rc
1849 1123 2038 1202 egerattroe

429 1232 601 1300 schedulae
622 1231 734 1298 desint
779 1230 1007 1300 verumtamen
1028 1233 1104 1318 quin
1125 1233 1295 1298 seeundum
1316 1235 1460 1318 tenrpors
1481 1231 1606 1318 digesta
1625 1233 1745 1302 inerint
1765 1233 1906 1300 debituri
1926 1236 2040 1320 nequit

432 1353 563 1434 propter
583 1348 669 1414 bunc
689 1348 793 1415 locum
814 1349 889 1414 libri
903 1348 983 1416 VIII
1005 1351 1045 1415 58
1066 1372 1098 1434 p.
1115 1349 1193 1414 434:
1214 1348 1276 1428 ,nb
1298 1370 1370 1414 emo
1391 1353 1426 1414 et
1446 1349 1599 1414 eiusmodi
1612 1350 1757 1417 omnihus
1774 1351 1879 1418 verbis
1893 1351 2040 1420 oriunbsr

430 1487 580 1551 praesens
601 1469 634 1532 ct
654 1465 805 1545 futurum,
827 1471 864 1532 ut
885 1488 996 1532 amans
1019 1472 1052 1566 et
1072 1469 1249 1544 amaturum
1278 1466 1320 1532 ab
1349 1467 1394 1534 cis
1421 1467 1527 1534 verbis
1557 1469 1690 1534 tertium
1718 1467 1803 1552 qdod
1832 1467 1927 1534 debet
1958 1467 2039 1553 tingi

424 1583 607 1668 praeteriti,
628 1584 663 1648 in
684 1583 798 1668 lingua
817 1583 920 1650 latine
940 1585 1072 1669 reperiri
1091 1605 1158 1649 non
1177 1587 1301 1668 potest.
1313 1632 1321 1649 .
1335 1581 1427 1650 ..sic
1448 1583 1489 1650 eb
1506 1604 1599 1650 emor
1620 1585 1754 1670 legeret
1767 1584 1922 1652 eiusnodi
1935 1585 2040 1650 verbis

431 1698 620 1768 vocabulum
641 1701 707 1766 eius
728 1699 854 1786 generis
874 1700 1040 1786 praeteriti
1061 1702 1213 1785 temporis
1233 1700 1280 1780 fit,
1301 1703 1339 1766 ut
1359 1703 1500 1767 emotus.
1513 1749 1521 1766 .
1534 1725 1563 1779 .;
1585 1722 1687 1786 neque
1698 1701 1876 1786 proesentis
1894 1705 1927 1768 et
1940 1701 2040 1766 futuri

427 1817 474 1884 ab
494 1816 545 1882 hie
566 1815 625 1886 fit‘
666 1817 830 1884 Postremo
851 1819 958 1902 qnsrti
979 1818 1113 1903 generis,
1136 1839 1238 1902 quae
1260 1817 1388 1884 rerba
1407 1839 1539 1902 neque
1561 1822 1747 1903 tempore
1767 1839 1900 1904 neque
1920 1840 2039 1884 cesus

431 1933 605 2012 habent,
627 1933 716 1998 nulla
737 1934 779 1999 cd
789 1957 848 2000 nos
868 1935 1015 2021 pervenit
1033 1933 1156 2013 divisio,
1179 1934 1345 2020 dequibus
1359 1936 1461 2000 omnis
1476 1935 1650 2020 disputatio
1662 1935 1765 2002 tribus
1781 1935 1845 2002 illis
1860 1936 2036 2020 persedere

429 2050 530 2118 bresit
549 2049 705 2116 schedulis
727 2072 805 2135 ques
826 2051 967 2135 perditus
989 2073 1056 2116 esse
1077 2051 1172 2116 modo
1194 2051 1270 2118 dixi.
1774 2063 1776 2070 '

532 2167 710 2234 Divisiones
732 2173 993 2235 commemoratae
1008 2168 1112 2235 Varro
1125 2169 1220 2234 initio
1234 2168 1351 2234 libriX
1372 2189 1481 2236 omnes
1499 2170 1650 2254 deinceps
1671 2169 1845 2250 recensuit,
1867 2175 1904 2235 ut
1924 2169 2038 2253 quibos

432 2285 468 2351 ln
490 2284 593 2350 verbis
614 2284 724 2368 quaeri
744 2285 860 2352 debeat
882 2267 1032 2370 analogiis
1060 2286 1203 2362 doceret;
1232 2285 1287 2350 nbi
1314 2285 1405 2350 libris
1432 2285 1591 2370 prioribus
1618 2309 1672 2352 ese
1700 2287 1857 2372 posuerit,
1886 2307 1943 2352 suo
1970 2286 2038 2352 loco

432 2401 595 2468 annotavi.
637 2400 700 2468 Sed
721 2424 840 2488 pensae
862 2403 944 2468 elice
966 2407 1041 2468 sunt
1055 2402 1224 2468 divisiones
1246 2405 1279 2466 et
1298 2423 1390 2468 voces
1412 2404 1527 2487 quibus
1540 2402 1644 2470 Varro
1666 2411 1793 2488 praeter
1813 2425 1866 2470 ess
1881 2425 1961 2468 nsua
1982 2407 2039 2472 est.

432 2517 530 2585 Libro
550 2517 631 2584 VIII
651 2519 693 2582 44
712 2542 744 2603 p.
765 2519 829 2582 424
848 2525 1054 2604 posteaquem
1074 2519 1216 2604 singulas
1230 2519 1384 2585 cretionis
1397 2523 1505 2606 parte
1518 2524 1670 2605 quattuor
1685 2543 1751 2586 esse
1773 2520 1855 2586 dixit
1869 2520 2040 2586 secundum

432 2636 563 2700 tertiam
583 2633 897 2716 illam'divieionem,
922 2636 981 2702 bes
1000 2637 1108 2702 vocari
1129 2636 1231 2702 trcdit
1258 2657 1278 2700 a
1305 2635 1495 2720 quibusdem
1520 2636 1705 2722 appellandi
1733 2637 1859 2704 dicendi
1887 2635 2040 2722 iungendi

432 2752 698 2829 adminiculsndi3
722 2753 905 2838 appellandi
925 2757 962 2818 ut
984 2753 1079 2819 homo
1101 2758 1134 2818 et
1154 2751 1289 2833 Nestor,
1319 2753 1445 2820 dicendi
1473 2760 1510 2821 nt
1531 2755 1634 2822 scribo
1654 2760 1689 2821 et
1709 2755 1797 2840 legor
1828 2754 1983 2840 iungendi
2003 2757 2041 2818 nt

426 2869 572 2936 scribens
594 2874 627 2934 et
648 2869 757 2956 legens
765 2870 820 2954 ;⁴⁶)
850 2869 1098 2936 adminicalsndi
1125 2873 1162 2935 ut
1190 2871 1283 2936 docte
1311 2875 1345 2937 et
1371 2871 1546 2942 commode.
1587 2872 1634 2938 Ib.
1656 2874 1696 2938 45
1717 2896 1748 2958 p.
1770 2873 1832 2938 424
1859 2871 2041 2958 appellsndi

432 2989 540 3070 portes
561 2990 712 3068 quattuor
733 3009 798 3054 esee
820 2987 1010 3066 ostendite
1032 2986 1147 3072 quibus
1169 2987 1255 3052 dieta
1284 2991 1389 3054 essent
1417 3010 1437 3053 c
1465 2988 1654 3073 quibusdam
1679 2988 1893 3074 provocchula
1914 2991 1952 3052 ut
1970 2987 2041 3072 quis

431 3124 524 3186 quae,
545 3104 698 3169 vocabula
718 3107 755 3169 ut
776 3109 899 3171 scutum
922 3104 1057 3189 gladius,
1078 3104 1208 3169 nominc
1228 3107 1266 3168 ut
1286 3103 1439 3170 Romulus
1459 3103 1590 3184 Remus,
1612 3106 1800 3191 pronomine
1822 3109 1859 3171 ut
1879 3103 1931 3170 hic
1952 3103 2040 3170 hoec.

432 3217 504 3285 Duo
524 3221 629 3286 media
649 3220 713 3288 dici
733 3223 925 3302 nominatus,
947 3221 1051 3306 prima
1072 3225 1106 3286 ct
1127 3226 1270 3287 extrema
1293 3221 1456 3298 articulom
1484 3222 1621 3307 primum
1648 3244 1748 3308 genus
1775 3243 1843 3288 csse
1869 3221 2040 3300 infinitum,

431 3336 604 3402 secundum
623 3341 662 3402 ut
683 3337 859 3418 infinItum,
889 3339 1019 3404 tertium
1046 3357 1113 3402 esse
1140 3337 1325 3424 fintene)
1352 3343 1502 3423 quartum
1522 3342 1559 3404 ut
1586 3339 1728 3417 tinitum3
1757 3337 1836 3404 haec
1856 3338 2042 3424 singulatim

431 3452 571 3538 triplicia
593 3475 659 3518 esee
680 3455 795 3521 debere
824 3454 929 3541 quoad
958 3475 1067 3519 sexum
1094 3453 1334 3519 multitudinem
1354 3477 1470 3522 cesum
1494 3491 1534 3505 -
1555 3456 1725 3522 Praeterea
1745 3455 1767 3521 l.
1781 3454 1862 3521 VIII
1877 3456 1917 3520 52
1937 3478 1968 3540 p.
1980 3456 2042 3521 430

431 3570 657 3636 vocabulorum
685 3592 766 3655 quse
787 3569 891 3638 Varro
919 3571 1047 3656 proprie
1072 3570 1217 3657 appellat
1244 3571 1493 3639 declinationum
1520 3594 1638 3659 genera
1666 3576 1818 3656 quattuor
1845 3569 2041 3640 indicantur:

431 3707 530 3751 unum
550 3687 737 3753 nominandi
759 3693 797 3753 ut
810 3689 852 3754 eb
868 3709 949 3772 equo
964 3687 1078 3772 equile,
1101 3687 1237 3752 alterum
1257 3688 1382 3754 cemele
1394 3693 1432 3754 ut
1453 3689 1495 3754 sb
1516 3711 1597 3774 eque
1611 3708 1736 3774 equum,
1757 3689 1889 3754 tertium
1905 3685 2043 3774 augendi

431 3806 469 3868 nt
500 3803 540 3869 eb
570 3803 643 3870 elbo
674 3805 793 3885 albim,
822 3809 972 3890 quartum
1001 3805 1164 3870 minuendi
1192 3807 1230 3870 ut
1258 3824 1279 3868 a
1305 3804 1383 3870 ciete
1405 3805 1527 3872 cistula.
1550 3843 1590 3855 —
1611 3805 1683 3872 Lib.
1703 3803 1785 3872 VIII
1805 3806 1846 3872 79
1867 3827 1897 3893 p.
1919 3805 1980 3870 450
2003 3803 2042 3870 de

433 3965 734 3978 ——-———

365 4057 371 4071 '
462 4054 509 4138 ιΒ)
531 4058 618 4119 Hnud
638 4067 809 4121 mnctanter
830 4058 960 4120 codicum
986 4059 1139 4118 lectionem
1159 4063 1327 4132 corruptam
1349 4059 1471 4118 reiciens
1492 4061 1534 4118 sic
1557 4060 1662 4134 scripsi
1682 4059 1829 4135 egregiam
1844 4053 2044 4136 Zippmanci

532 4157 648 4211 secutus
671 4153 867 4211 coniectorem
889 4169 974 4225 quem
996 4167 1022 4211 e.
1048 4151 1127 4210 1869
1150 4148 1199 4210 lib.
1221 4148 1311 4208 schol.
1334 4167 1463 4223 gymnos.
1481 4150 1581 4225 oppidi
1595 4147 1850 4214 senescentem
1864 4149 2042 4224 argumentis

531 4244 699 4302 certissimis
721 4242 857 4303 firmarit.
899 4243 998 4303 Virum
1021 4241 1233 4316 doctissimum,
1262 4242 1377 4316 patriae
1398 4241 1436 4300 sb
1457 4243 1590 4328 hostibus
1609 4243 1770 4303 Insolenter
1799 4247 1923 4302 rexetee
1944 4239 2044 4299 detrita

532 4335 599 4393 iura
626 4335 812 4410 reddentem,
840 4340 983 4395 nocturno
1011 4334 1122 4408 impetu
1150 4333 1180 4392 in
1208 4334 1302 4392 vicum
1329 4330 1579 4409 franco-gallicum
1608 4329 1790 4413 Danjouttc
1824 4349 1918 4408 prope
1946 4347 2042 4394 arcem

529 4420 656 4504 Belfort
677 4427 760 4486 initio
781 4427 866 4486 huius
888 4428 955 4485 anni
976 4429 1099 4486 mortem
1121 4423 1217 4485 obisse
1238 4441 1302 4484 eam
1332 4424 1446 4499 quidem
1476 4424 1707 4486 honestissimam
1735 4425 1788 4485 sed
1817 4430 2041 4500 praematuram,

531 4518 692 4592 studiisque
714 4517 817 4592 quibus
837 4525 930 4578 totum
952 4533 984 4577 se
1005 4515 1136 4591 dederet,
1158 4523 1290 4591 ereptum
1312 4533 1376 4576 esse
1397 4516 1584 4576 vehementer
1604 4516 1699 4578 doleo.

461 4605 509 4691 ⁴⁷)
532 4608 615 4682 Quod
636 4609 751 4669 codices
772 4609 892 4669 madunt
913 4605 1069 4686 officinam
1089 4609 1152 4668 sine
1172 4608 1261 4668 datto
1282 4606 1507 4684 repedandum
1526 4603 1655 4686 finitam
1683 4607 1761 4682 quod
1782 4607 1954 4684 Spengelius
1975 4606 1994 4668 l.
2016 4620 2042 4665 c

533 4701 643 4774 sarsit,
672 4717 743 4760 rere
774 4702 861 4761 lectio
890 4701 1006 4760 ridetur
1034 4715 1100 4760 esse
1132 4705 1164 4760 et
1188 4700 1325 4776 congruit
1350 4701 1416 4759 Ioco
1444 4699 1464 4761 I.
1493 4699 1561 4758 VIII
1590 4702 1630 4760 80
1660 4717 1689 4774 p.
1718 4703 1795 4760 dil:
1831 4699 1979 4774 ,Sequitm
2006 4696 2042 4757 de

532 4793 694 4852 uomInIbus
717 4808 793 4866 quse
814 4791 948 4852 differunt
970 4809 988 4850 n
1010 4791 1157 4850 vocabulis
1186 4791 1252 4852 ideo
1281 4791 1358 4865 qnod
1387 4797 1454 4850 sunt
1482 4787 1565 4850 finite
1594 4809 1629 4850 ec
1653 4790 1817 4866 significant
1838 4807 1886 4850 res
1909 4791 2042 4867 proprias

532 4891 564 4944 ut
585 4884 668 4943 Paris
692 4885 812 4958 Helena,
835 4901 920 4958 quom
942 4883 1085 4943 uocabulo
1105 4885 1164 4942 sint
1184 4881 1298 4944 infinite
1318 4885 1423 4943 seres
1446 4884 1603 4944 communis
1627 4883 1779 4958 designent
1801 4890 1834 4942 nt
1854 4883 1900 4942 vir
1920 4883 2042 4944 medes*
