4684 5792
1249 811 1289 876 10

467 1010 521 1095 qni
541 1013 627 1076 reete
641 1008 855 1074 membrorum
875 1008 1135 1119 aeqeabilitetem
1156 1016 1281 1078 seeutns
1301 1015 1359 1076 aut
1378 1011 1574 1094 correptione
1595 995 1754 1075 addiderit
1773 1008 1907 1076 laudans
1928 1009 2073 1078 laeonorn

467 1149 486 1191 a
515 1125 668 1193 Muellero
696 1126 840 1193 relictam
868 1124 929 1191 hoe
956 1123 1050 1190 modo
1077 1127 1267 1212 explendem
1296 1133 1418 1194 eeneet:
1449 1127 1585 1210 metue
1611 1125 1832 1193 remissiorem
1861 1127 2072 1209 weposetm

466 1249 524 1310 out
553 1243 733 1310 conlisione.
774 1240 878 1310 Valde
898 1242 1044 1309 mirabile
1065 1241 1144 1310 dieit
1163 1242 1281 1324 videri,
1309 1243 1390 1309 nihil
1410 1245 1444 1310 iu
1465 1244 1522 1310 illa
1543 1243 1656 1330 regula
1676 1243 1799 1311 dietum
1820 1263 1887 1310 esse
1909 1241 1947 1310 de
1966 1243 2071 1310 verbis

466 1360 664 1446 compositis,
690 1360 775 1446 qnod
804 1381 904 1446 genus
935 1359 969 1424 in
990 1359 1137 1426 omnibns
1156 1359 1276 1446 linguis
1297 1361 1450 1427 letissima
1469 1366 1582 1447 pateat
1600 1361 1750 1446 oniasque
1772 1359 1894 1426 indoles
1914 1361 2073 1428 nerninem

465 1475 578 1562 ingere
603 1476 719 1562 possit3
740 1473 880 1542 Varroni
909 1498 974 1542 non
999 1476 1095 1542 modo
1115 1476 1269 1543 voeabula
1290 1479 1508 1564 eompositieie
1530 1477 1593 1563 (VI
1610 1480 1651 1544 55
1672 1499 1704 1563 p.
1726 1478 1805 1563 232)
1827 1478 1878 1544 vel
1898 1477 2072 1564 oomposIta

466 1591 561 1678 (VIII
574 1594 613 1659 61
635 1616 666 1680 p.
680 1593 756 1678 436)
777 1597 856 1659 nota
877 1593 983 1674 fuisse,
1005 1595 1233 1660 verumetiam
1254 1593 1317 1663 duo
1338 1595 1451 1662 talium
1462 1597 1630 1663 verborum
1650 1617 1768 1682 genera
1790 1615 1861 1659 enm
1883 1591 2075 1673 distinxisse,

466 1710 651 1798 simpliciter
680 1711 855 1797 eomposita
883 1714 916 1776 et
944 1731 1084 1796 eaquae
1106 1732 1124 1777 e
1146 1711 1268 1778 dnobus
1288 1712 1450 1780 vocabulis
1469 1714 1521 1780 'rel
1542 1714 1644 1780 altero
1664 1711 1717 1778 rel
1737 1710 1859 1777 dnobus
1877 1709 1949 1796 plus
1970 1709 2078 1775 minna

465 1827 596 1895 mutatis
617 1827 770 1894 breviatis
790 1825 962 1894 mntreetis
984 1827 1152 1894 orirentur.
1195 1827 1335 1906 Quorum
1356 1851 1509 1916 generum
1529 1834 1621 1896 terna
1642 1828 1734 1915 ponit
1754 1825 1907 1912 exempla

566 1942 654 2011 Viris
665 1943 855 2014 doctissimis
869 1945 1053 2030 utquisque
1067 1947 1195 2030 apernit
1206 1947 1398 2013 sententiam
1407 1948 1546 2014 vitissim
1556 1946 1685 2032 obloqui
1698 1943 1847 2012 oonabor.
1875 1940 2078 2025 Quamquam.

465 2061 561 2128 verbo
591 2060 848 2128 eommutetionis
878 2061 1060 2146 generalem
1083 2062 1184 2128 inesse
1211 2063 1374 2130 notionem
1396 2062 1583 2150 Spengelius
1603 2067 1690 2130 reete
1712 2059 1803 2138 vidit,
1835 2063 1944 2124 tamen
1975 2078 2002 2122 e.
2024 2077 2071 2144 gr.

463 2178 644 2244 litteramm
653 2177 835 2262 demptione
845 2182 902 2244 ant
908 2177 1071 2244 additione
1079 2181 1285 2246 commutatio
1291 2180 1329 2247 lit
1339 2180 1533 2265 syllabarum
1543 2183 1577 2246 et
1584 2177 1817 2255 vocabulorum,
1828 2176 1937 2242 Ilttera
1944 2174 2073 2260 dempta

465 2300 522 2361 ant
542 2293 653 2360 addita
674 2298 783 2359 menet
804 2315 842 2360 ea
862 2317 945 2380 quae
964 2300 1029 2373 est;
1054 2295 1133 2362 item
1153 2296 1277 2381 syllaba
1299 2275 1428 2382 dempta
1449 2297 1515 2362 sire
1537 2295 1648 2364 addite
1667 2316 1733 2362 non
1752 2297 1859 2380 potest
1879 2295 2076 2359 eommnteta

465 2412 592 2499 proprie
621 2411 700 2492 diei,
730 2411 819 2477 onius
847 2409 950 2476 forme
974 2433 1041 2477 non
1070 2415 1289 2480 eommutetur.
1338 2414 1509 2481 Praeterea
1532 2413 1683 2480 Varronis
1710 2417 1782 2479 erat
1805 2409 2074 2496 quadripertitam

465 2527 659 2614 syllabarum
669 2526 926 2593 eommutationis
946 2529 1104 2594 rationem
1125 2530 1176 2596 vel
1196 2532 1294 2597 verbo
1316 2531 1506 2619 significare,
1527 2534 1554 2598 si
1574 2552 1760 2596 enumerare
1779 2529 1809 2595 ei
1830 2548 1894 2594 non
1915 2523 2072 2611 plaeebat

464 2643 586 2713 Ideireo
606 2642 853 2729 transpositione
873 2643 929 2710 ille
950 2643 1154 2732 aSpengelio
1174 2648 1338 2734 proposita
1356 2649 1462 2717 Ioenm
1482 2653 1630 2715 sanatum
1650 2666 1716 2712 non
1737 2639 2078 2711 rideo-Muellerus

464 2763 550 2829 idem
570 2761 696 2828 videtur
717 2761 867 2841 sensisse,
889 2763 944 2847 qui
965 2761 1100 2830 alteram
1121 2765 1442 2853 quadripartitionem
1462 2787 1502 2833 ex
1521 2769 1614 2853 parte
1635 2763 1818 2850 expleverit
1860 2759 1923 2827 Sed
1942 2757 2072 2825 leotioni

462 2881 529 2949 eins
541 2877 689 2946 assentiri
698 2897 830 2963 nequeo,
850 2876 926 2946 lieet
935 2880 1110 2965 probabilis
1125 2889 1280 2968 appareat
1300 2885 1432 2970 eoquod
1454 2884 1648 2970 syllabarum
1658 2878 1824 2968 productio
1845 2881 1902 2943 ant
1914 2874 2079 2960 eorreptio-

461 3019 512 3064 res
532 2995 613 3063 trite
634 2999 685 3061 est
705 3017 786 3081 quae
808 2995 896 3061 etin
918 2995 1022 3062 soluta
1043 2998 1187 3064 oratione
1206 3001 1240 3065 et
1259 3000 1466 3087 apudpoetas
1479 3001 1649 3086 plurimum
1659 2995 1808 3085 ponderis
1827 2993 1955 3060 habeat
1986 2989 2070 3058 Nam

461 3114 566 3183 Varro
592 3114 627 3178 in
653 3110 850 3178 declinandis
877 3113 1039 3180 vocabulis
1068 3114 1110 3180 ad
1138 3135 1209 3180 eam
1236 3138 1393 3204 nusquam
1421 3118 1576 3204 respexit3
1605 3116 1747 3202 syllabae
1776 3113 1842 3179 sive
1865 3112 1982 3197 longae
2004 3109 2073 3174 sire

462 3233 573 3299 breves
594 3233 678 3308 sunt,
699 3227 821 3295 eisdem
841 3229 965 3317 legibus
986 3231 1030 3297 ad
1051 3233 1190 3320 origines
1207 3234 1434 3302 voeabulomm
1451 3233 1667 3321 explanandas
1686 3237 1853 3318 eoguntur.
1884 3225 1954 3294 Nee
1968 3225 2078 3312 magis.

460 3348 567 3434 pleoet
576 3345 754 3414 Varronem
766 3352 882 3432 quarto
902 3346 973 3414 loeo
994 3348 1034 3415 de
1054 3351 1184 3436 gemine
1203 3351 1433 3419 elementorum
1451 3354 1473 3418 i.
1489 3373 1516 3418 e.
1537 3352 1718 3418 litterarum
1736 3345 1983 3432 transpositione
2004 3363 2071 3409 ease

460 3464 612 3543 loentum,
634 3462 785 3548 qnoniam
807 3485 827 3528 e
847 3464 963 3530 litteris
984 3467 1027 3533 ad
1047 3468 1185 3553 syllabae
1204 3470 1345 3540 transiit.
1376 3468 1485 3535 Iltiam
1497 3467 1650 3534 Muellero
1672 3468 1705 3533 id
1726 3487 1792 3532 non
1811 3461 1983 3529 admodum
2003 3459 2071 3526 veri

461 3579 563 3646 simile
583 3599 650 3646 esse
673 3579 775 3646 risum
795 3580 847 3648 vel
868 3601 907 3648 er
928 3603 966 3649 eo
986 3582 1248 3672 eoniieitnrqnod
1267 3587 1437 3655 lectionem
1458 3587 1499 3653 sd
1517 3585 1600 3654 hane
1621 3585 1813 3653 sententiam
1834 3601 1899 3647 non
1918 3577 2069 3657 restitnit

461 3695 517 3764 sed
536 3697 684 3764 lacunam
705 3718 744 3764 ex
764 3703 856 3783 parte
875 3698 1015 3786 reliquit
1038 3734 1077 3751 -
1100 3701 1314 3772 Wilnrannsio
1324 3703 1502 3772 Varronem
1516 3703 1763 3790 compositorem
1782 3698 1951 3766 verborum
1972 3715 2080 3782 genus.

460 3816 495 3880 in
519 3813 576 3881 illa
605 3815 716 3902 regula
736 3837 838 3901 neque
857 3819 1106 3902 praetermisisse
1126 3843 1186 3888 nee
1206 3825 1463 3908 praetermittere
1482 3822 1638 3907 potuisse,
1664 3819 1704 3886 de
1725 3817 1840 3903 quibus
1861 3815 1939 3880 alias
1961 3815 2072 3898 aperte

459 3935 625 4020 loquatur,
649 3931 788 3998 libenter
810 3933 965 4013 eonsed03
995 3935 1057 4001 dno
1079 3957 1189 4018 eorum
1210 3961 1329 4026 genere
1350 3938 1532 4006 distinxisse
1552 3943 1587 4005 et
1606 3937 1740 4020 dentque
1759 3931 1981 4032 ooeobelottm
1999 3947 2072 3993 oon·

453 4053 616 4138 positione
636 4054 694 4117 ost
712 4048 885 4116 molitione
906 4053 1066 4139 scripsisse
1085 4075 1179 4140 nego.
1211 4053 1384 4122 Distinetio
1405 4056 1461 4122 ille
1481 4055 1568 4143 apud
1580 4053 1757 4120 Varronem
1777 4050 1817 4117 de
1836 4048 1948 4135 lingua
1968 4045 2078 4112 latine.

459 4167 549 4236 nollo
569 4167 687 4254 legitur
708 4167 788 4248 Iooo,
810 4188 871 4235 neo
892 4189 973 4254 qnae
989 4169 1219 4238 Wilmamrsius
1240 4172 1307 4238 eins
1328 4173 1441 4240 attulit
1460 4171 1606 4256 exempla
1626 4191 1697 4236 eam
1716 4169 1839 4236 doeent
1873 4165 1956 4244 Quid
1966 4163 2078 4231 Varro

460 4287 499 4353 de
526 4285 633 4352 verbis
661 4284 844 4370 eompositis
871 4287 1037 4367 statuerit,
1065 4289 1129 4355 dno
1158 4294 1234 4355 snut
1259 4291 1322 4358 Ioei
1349 4311 1427 4376 qnos
1456 4311 1552 4376 snpra
1572 4288 1683 4355 notari
1704 4285 1818 4372 quibus
1845 4285 1924 4350 setis
1950 4281 2076 4349 disoere·

459 4405 568 4489 possis.
609 4401 702 4469 Alter
722 4402 777 4469 ille
796 4403 818 4474 I.
839 4402 888 4471 VI
909 4410 973 4472 est:
995 4403 1093 4484 ,Hine
1112 4407 1146 4490 (a
1167 4407 1280 4494 lando)
1301 4405 1633 4492 etiamsoms'peradile
1660 4410 1690 4471 et
1710 4406 1759 4471 ste
1778 4399 2070 4486 composititio

459 4519 528 4586 alte
554 4521 643 4600 itm,
674 4526 710 4586 ee
737 4520 900 4589 declinate
926 4523 1044 4604 multa,
1072 4523 1109 4589 in
1139 4544 1200 4608 quo
1226 4530 1256 4591 et
1280 4526 1395 4609 fatuus
1423 4530 1453 4590 et
1477 4524 1610 4607 fatuae!
1658 4522 1752 4590 Alter
1780 4522 1800 4587 l.
1827 4517 1908 4586 VIII
1935 4517 2078 4603 legitate

459 4635 627 4718 ‚Quoniam
647 4642 694 4704 eet
713 4637 935 4706 emolitionem
954 4661 1054 4726 penus
1075 4641 1159 4724 quod
1179 4642 1345 4725 appellent
1373 4642 1706 4725 composititium
1734 4647 1764 4706 et
1791 4641 1910 4722 tepent
1930 4633 2070 4716 roselmi

458 4753 495 4818 td
521 4759 665 4836 oportere
691 4774 762 4822 eum
795 4757 1062 4840 simplicitet
1090 4759 1128 4826 tle
1156 4759 1272 4844 quitus
1300 4761 1404 4828 odtee
1433 4759 1520 4842 etet,
1551 4758 1590 4827 ele
1617 4755 1866 4839 compositis
1893 4752 2071 4836 seperatim

458 4877 575 4955 apomJ
615 4870 700 4939 Dein
720 4871 800 4940 haee
819 4871 923 4940 Varro
944 4874 1067 4961 profert
1086 4877 1247 4963 exempla:
1275 4879 1326 4945 db
1347 4878 1437 4944 libris
1458 4883 1492 4945 et
1513 4877 1657 4944 canendo
1677 4872 1897 4949 tibicinem
1930 4868 1972 4934 ab
1992 4866 2081 4934 aede-
