4684 5792
1112 809 1130 873 7

318 1004 425 1070 videre
445 1003 538 1072 tacile
561 1004 632 1087 [est.
654 1003 689 1068 in
710 1002 780 1086 illo]
802 1023 867 1068 non
889 1006 1002 1091 est10).
1046 1005 1199 1072 Similiter
1213 1027 1328 1092 ngceps
1343 1011 1478 1092 ageora‘.
1522 1005 1607 1074 Nam
1621 1008 1700 1076 haec
1714 1010 1755 1075 ad
1769 1011 1930 1095 peculiare

318 1121 472 1188 Varronis
492 1142 572 1206 opns
593 1119 632 1185 de
654 1119 777 1205 origine
798 1120 929 1206 linguae
949 1122 1070 1189 latinae
1091 1127 1239 1208 spectant
1259 1123 1343 1208 quod
1364 1123 1466 1216 tribas
1487 1123 1582 1190 luisse
1604 1111 1818 1212 couscriptum
1837 1129 1929 1196 libris

317 1238 507 1323 Hieronymi
526 1238 631 1304 indice
652 1236 799 1303 discimus
821 1236 882 1322 (ct.
900 1237 1034 1305 Ritschl.
1055 1261 1133 1306 mus.
1155 1239 1244 1305 rhen.
1267 1261 1341 1309 nov.
1365 1239 1413 1305 VI
1433 1263 1466 1326 p.
1486 1241 1548 1306 529
1568 1264 1636 1328 sqq.
1659 1243 1840 1310 Wilmauns
1860 1245 1882 1310 l.
1906 1247 1926 1312 l.

317 1377 348 1440 p.
371 1355 431 1420 126
453 1354 543 1439 sqq).
565 1351 640 1419 Nou
661 1354 762 1420 maior
783 1354 861 1422 lides
882 1356 1052 1422 tribuenda
1072 1357 1255 1442 fragmento
1276 1357 1378 1442 primo
1399 1358 1484 1442 quod
1496 1358 1676 1424 Wilmanns
1690 1359 1746 1424 ll.
1765 1383 1794 1445 p.
1812 1363 1870 1427 141
1887 1383 1929 1428 ex

316 1470 492 1556 Augustini
505 1469 546 1540 V.
559 1471 591 1539 S.
602 1470 711 1537 libello
733 1471 773 1537 do
784 1471 952 1540 dialectica
962 1474 1073 1540 attulit
1083 1480 1116 1541 et
1126 1474 1229 1558 primo
1243 1473 1398 1540 Varronis
1416 1475 1454 1540 de
1469 1475 1489 1541 l.
1504 1475 1525 1540 l.
1543 1475 1626 1541 libro
1644 1481 1677 1541 et
1687 1478 1755 1562 ipse
1765 1477 1929 1546 haesitans

317 1588 440 1654 tribuit.
484 1587 558 1654 Non
587 1588 718 1653 dubium
749 1594 799 1655 est
826 1591 902 1674 quin
931 1591 1132 1677 Augustinus
1158 1590 1330 1658 stoicorum
1361 1596 1570 1684 persequatur
1596 1598 1781 1679 praecepta,
1813 1597 1929 1680 quibus

317 1703 495 1770 Varronem
520 1705 556 1770 in
588 1706 681 1772 rebus
710 1709 930 1793 grammaticis
957 1708 991 1773 in
1021 1711 1203 1776 universnm
1231 1708 1465 1794 obtemperasse
1493 1710 1544 1776 vel
1576 1711 1617 1775 ab
1650 1712 1719 1797 ipso
1751 1714 1928 1799 accepimus

317 1820 348 1886 V
368 1823 388 1886 9
408 1845 439 1908 p.
460 1823 502 1888 20
522 1823 570 1889 VI
590 1825 610 1888 2
630 1823 677 1888 XI
699 1825 715 1888 1
739 1823 794 1908 (cf.
808 1824 990 1890 Wilmanns
1003 1827 1024 1894 l.
1036 1826 1057 1892 l.
1070 1849 1102 1912 p.
1117 1827 1157 1891 10
1171 1824 1265 1910 sqq).
1309 1824 1372 1891 Sed
1392 1831 1430 1891 ut
1444 1827 1644 1912 Augustinus
1666 1849 1705 1893 ea
1726 1830 1929 1914 potissimum

316 1961 398 2024 quae
417 1938 521 2006 Varro
542 1941 581 2006 de
601 1941 651 2006 his
672 1942 767 2007 rebus
788 1941 934 2026 exposuit
954 1963 1045 2008 suum
1066 1944 1100 2008 in
1121 1965 1212 2008 neum
1234 1942 1442 2023 converterit,
1473 1944 1542 2028 quis
1571 1943 1625 2009 ille
1653 1945 1734 2010 liber
1762 1945 1860 2012 merit
1887 1969 1927 2014 ex

316 2076 378 2139 quo
400 2058 570 2143 excerpsit,
599 2059 755 2125 nescimus
783 2081 842 2125 nec
871 2063 957 2124 certo
980 2059 1111 2126 definire
1139 2082 1306 2146 possumus
1335 2061 1369 2125 iu
1397 2081 1517 2146 magna
1542 2061 1696 2127 librorum
1723 2084 1801 2146 qnos
1822 2062 1929 2130 Varro

314 2171 409 2239 huius
430 2175 557 2260 generis
578 2175 705 2260 scripsit
724 2177 825 2261 copia.
868 2175 1037 2262 Utcunque
1059 2183 1166 2244 autem
1187 2179 1227 2244 de
1250 2182 1439 2264 argumento
1454 2177 1546 2242 huius
1559 2177 1633 2244 libri
1648 2180 1773 2259 statuis,
1793 2180 1928 2246 minime

313 2291 488 2376 probabilis
509 2292 634 2358 videtur
656 2291 818 2378 Spengelii
839 2295 1023 2360 coniectura
1043 2317 1139 2380 quam
1160 2318 1190 2380 p.
1214 2296 1241 2361 7.
1264 2295 1315 2361 sd.
1344 2299 1436 2361 eante
1459 2297 1584 2380 aperuit
1610 2295 1661 2360 his
1682 2297 1802 2362 verbis:
1825 2297 1926 2378 ‚Quod

316 2408 343 2477 si
365 2407 563 2474 coniecturae
585 2410 670 2476 locus
692 2415 757 2490 est,
777 2432 843 2476 non
864 2411 1000 2478 multum
1021 2411 1156 2478 fortasse
1178 2434 1198 2478 a
1218 2413 1354 2478 veritate
1374 2411 1576 2492 abhorrebit,
1605 2413 1632 2477 si
1653 2413 1770 2478 librum
1789 2417 1926 2500 primum

315 2526 360 2592 od
389 2527 577 2608 Ponqrcium
607 2528 759 2613 scriptum
789 2529 1051 2614 pronunciamus,
1083 2529 1167 2615 quod
1200 2533 1238 2595 ut
1271 2533 1419 2616 putemus
1447 2534 1584 2596 maxime
1620 2551 1677 2596 nos
1705 2536 1813 2599 movet
1840 2532 1925 2599 locus

315 2645 446 2730 quidam
467 2645 523 2729 qui
543 2644 663 2729 legitur
684 2645 769 2730 apud
783 2645 909 2730 Lydum
930 2645 970 2711 de
985 2645 1129 2732 magistr.
1151 2646 1167 2712 I
1188 2648 1256 2732 5p.
1269 2648 1325 2712 18:
1347 2639 1433 2716 edors
1454 2645 1619 2735 τύραννος
1639 2641 1681 2727 ἧν
1703 2649 1723 2714 o‘
1745 2646 1927 2733 Ῥωμύλος,

315 2767 447 2847 πρῶτον
459 2765 518 2843 μὲν
538 2758 599 2828 τόν
614 2758 767 2853 οἱδιλφόν
781 2761 908 2830 domolo
921 2765 981 2830 καὶ
993 2760 1055 2831 τόν
1068 2765 1209 2846 μα’ζουα
1222 2765 1281 2831 καὶ
1295 2761 1451 2850 πράττων
1466 2762 1599 2848 α’λόγοις
1609 2763 1653 2832 τά
1666 2771 1926 2855 ιιροςιιίιιτοντα.

313 2877 421 2966 ταύτῃ
434 2881 493 2946 καὶ
512 2880 664 2966 Κυρῖνος
684 2877 940 2968 προσηγορεύθη
963 2884 1065 2948 οἱονεὶ
1085 2879 1220 2970 κύριος,
1247 2880 1313 2950 κᾶν
1334 2889 1365 2950 εἰ
1384 2885 1592 2969 Διογενιανῷ
1611 2889 1661 2969 τῷ
1680 2884 1916 2980 λιξαιογροέφῳ

313 2997 423 3074 ἄλλως
459 3000 563 3067 δοκεῖ.
612 2997 700 3066 odos
728 2994 794 3087 γιὶρ
823 2997 995 3084 α’γνοήοας
1025 2999 1045 3067 o'
1074 2997 1242 3083 Ῥωμύλος
1268 2998 1291 3079 ἦ
1323 3005 1356 3066 ol
1382 3001 1458 3068 κατ’
1492 2999 1602 3070 αυτόν
1635 3003 1807 3097 δείκνυται
1843 3031 1911 3073 κατ

312 3123 418 3184 ἑιιιῐνο
438 3119 564 3204 καιροῦ
583 3113 643 3195 τήν
664 3113 816 3184 Ἑλλάδα
838 3114 969 3208 φωνήν,
991 3115 1052 3196 τήν
1072 3121 1223 3186 Αἰολίδα
1244 3121 1345 3202 λόγον,
1371 3111 1417 3194 oia
1439 3141 1546 3209 φασιν
1567 3112 1588 3184 ὅ
1609 3142 1646 3185 τι
1666 3118 1794 3188 Κάτων
1813 3129 1848 3190 ἐν
1867 3127 1917 3210 τῷ

311 3237 383 3318 περὶ
404 3233 591 3317 'Popularia
612 3231 854 3320 dogmatizator,
877 3231 1023 3322 Βάρρων
1045 3260 1081 3303 τε
1102 3236 1123 3302 o‘
1143 3239 1450 3318 πολυμαθέστατος
1479 3243 1515 3302 ἐν
1542 3241 1730 3325 προοιμίοις
1752 3241 1819 3306 τοῖν
1839 3239 1924 3328 πρός

311 3352 580 3421 ΠΟΜΠΗΙΟΝ
598 3351 696 3437 αὐτῷ
715 3358 958 3441 γεγραμμένων,
980 3350 1167 3439 Εὐάνδρου
1188 3354 1248 3420 καὶ
1268 3356 1335 3420 τοῖν
1357 3345 1470 3420 ἄλλων
1492 3351 1674 3442 Ἀρκαδων
1702 3361 1750 3430 εἰς
1777 3354 1926 3425 Ἰταλίαν

311 3467 485 3537 ἐλθόντων
505 3473 584 3536 aori
606 3472 666 3536 καὶ
688 3466 748 3548 τήν
761 3471 913 3537 Arausa
936 3481 1009 3550 τοῖς
1035 3469 1229 3560 βαρβάροις
1249 3468 1490 3559 dommedardo
1510 3470 1646 3564 φοινία*
1667 3511 1708 3524 -
1730 3473 1793 3540 Sed
1814 3473 1922 3560 Lydus

313 3607 394 3671 qnae
415 3585 538 3672 profert
552 3584 731 3652 Varronem
751 3587 912 3653 rettulisse
933 3588 1013 3656 dicit
1031 3611 1097 3654 uon
1117 3597 1152 3656 ἐν
1172 3599 1246 3664 τοῖς
1264 3585 1347 3676 πρός
1362 3586 1540 3674 Πομπήιου
1562 3588 1659 3676 αὐτῷ
1678 3597 1928 3678 γεγραμμένοις,

311 3702 346 3769 id
366 3703 452 3788 quod
471 3703 537 3768 iam
556 3701 749 3770 Ritsclrelius
768 3704 888 3789 premit
907 3727 986 3771 mus.
1007 3705 1096 3772 rhen.
1118 3728 1190 3772 nov.
1211 3705 1259 3771 VI
1279 3729 1310 3792 p.
1332 3707 1411 3788 531,
1441 3707 1496 3773 sed
1525 3707 1559 3772 in
1588 3707 1632 3772 eis
1660 3729 1742 3792 quae
1768 3709 1851 3776 libro
1873 3710 1924 3776 vel

312 3821 401 3886 libris
430 3820 471 3886 ad
509 3820 696 3905 Pompeium
730 3821 855 3906 scriptis
891 3822 1055 3907 praelatus
1090 3827 1181 3890 esset.
1234 3822 1412 3890 Varronem
1438 3828 1594 3909 quantum
1629 3825 1744 3891 scimus
1772 3825 1850 3892 duos
1883 3827 1926 3894 ad

310 3938 497 4024 Pompeium
517 3937 615 4003 libros
636 3938 797 4023 scripsisse
818 3943 960 4019 constat,
989 3937 1206 4024 εἰςαγωγαιόν
1228 3963 1268 4006 ex
1288 3961 1351 4026 qno
1372 3941 1540 4026 Pompeius
1565 3941 1701 4007 disceret
1720 3942 1798 4027 quid
1820 3941 1927 4010 lacere

311 4053 476 4140 dicereque
496 4053 628 4122 deberet
649 4077 720 4123 cnm
741 4060 889 4123 senatum
907 4058 1085 4124 consuleret
1106 4057 1159 4142 (cf.
1182 4059 1262 4124 Gell
1284 4056 1361 4124 XIV
1384 4058 1427 4144 7),
1456 4063 1490 4123 et
1518 4057 1753 4142 ephemeridem
1774 4063 1925 4128 navalem

311 4169 462 4257 Pompeio
482 4172 560 4238 olim
579 4195 635 4259 per
655 4173 844 4259 Hispaniam
865 4173 1042 4242 militaturo
1063 4174 1116 4259 (cl.
1138 4174 1242 4242 itiner.
1263 4173 1439 4242 Alexandri
1461 4173 1504 4240 ll
1527 4196 1553 4240 c
1575 4175 1596 4240 6
1617 4175 1665 4240 ed
1684 4174 1785 4262 Mai);
1816 4178 1851 4241 in
1872 4176 1927 4244 his

311 4292 419 4354 autem
438 4288 529 4354 libris
549 4290 655 4357 locum
674 4290 771 4357 fuisse
791 4291 855 4357 illis
877 4291 917 4356 de
939 4293 1130 4377 cognatione
1157 4293 1288 4378 linguae
1308 4292 1435 4359 italicae
1464 4297 1498 4359 et
1526 4292 1664 4358 aeolicae
1692 4295 1763 4377 quis
1791 4299 1841 4360 est
1869 4296 1925 4380 qni

310 4427 377 4472 non
405 4405 543 4471 maximo
560 4428 667 4493 opere
695 4408 730 4473 iu
759 4407 890 4474 dubium
918 4412 1032 4476 vocet?
1059 4407 1139 4475 (lum
1165 4431 1240 4475 sero
1268 4408 1349 4475 liber
1375 4410 1497 4495 primus
1526 4409 1566 4476 de
1586 4409 1607 4474 l.
1627 4409 1650 4479 l.
1671 4409 1739 4494 ipse
1768 4411 1924 4495 prooemii

309 4522 416 4590 locum
436 4527 547 4589 teneat
566 4527 599 4590 ct
618 4529 684 4590 tres
704 4524 780 4590 libri
800 4531 966 4612 sequentes
987 4525 1150 4612 Septumio
1171 4526 1258 4592 missi
1280 4549 1300 4592 a
1320 4525 1466 4591 Varrone
1488 4524 1683 4607 referantur,
1713 4528 1825 4613 negari
1855 4531 1925 4597 lere

310 4641 423 4727 nequit
442 4641 520 4726 quin
541 4639 649 4725 Lydus
670 4641 757 4707 aliud
777 4640 931 4710 Varronis
952 4665 1030 4729 opus
1054 4644 1253 4730 significarit.
1295 4642 1393 4709 Libro
1421 4643 1546 4710 cuidam
1574 4644 1613 4709 de
1643 4645 1765 4738 origine
1792 4647 1925 4734 linguae

344 4880 388 4966 10)
410 4881 509 4943 Verba
528 4882 610 4942 uncis
630 4880 742 4944 inclusa
762 4881 915 4946 adicienda
935 4882 1070 4944 sidentur
1090 4883 1251 4946 Bitschelio
1272 4899 1347 4946 mon.
1370 4884 1462 4960 epigr.
1485 4885 1543 4944 tria
1563 4901 1594 4958 p.
1616 4885 1667 4950 24.
