4684 5792
1096 722 1134 788 ll

314 928 349 990 et
369 923 488 992 tuendo
510 923 760 1000 aeditumus;
782 922 823 988 ab
845 921 956 988 avibus
976 923 1141 1008 capiundis
1165 942 1330 1008 auceps;
1352 921 1746 1009 ubifodiaturargentum,
1771 945 1920 1010 argen-

315 1039 546 1119 tilodinae;
563 1039 753 1126 quilapides
769 1038 1174 1125 caedunt,1apicidae;
1196 1037 1834 1120 auri1e13nondoctus,indoctus;
1856 1063 1921 1108 non

315 1157 424 1238 sabos,
446 1157 641 1224 insulsus.
682 1155 793 1224 Altero
820 1156 890 1223 loco
918 1157 1132 1242 composititia
1151 1161 1185 1222 et
1202 1154 1362 1222 declinata
1378 1154 1548 1234 vocabula,
1570 1157 1672 1221 altero
1695 1159 1869 1244 composite
1889 1163 1923 1224 et

314 1274 471 1360 simplicia
484 1274 698 1352 nominantur,
710 1273 954 1360 compositorum
970 1273 1034 1339 duo
1047 1294 1166 1359 genera
1175 1293 1242 1340 non
1256 1271 1484 1339 discernuntur.
1513 1271 1562 1338 De
1575 1273 1681 1339 verbis
1692 1272 1807 1340 collisis
1817 1275 1868 1340 vel
1882 1275 1921 1340 de

314 1391 467 1476 peculiari
502 1411 611 1457 eorum
645 1411 761 1476 genere
794 1389 958 1455 disseritur
990 1411 1092 1475 neque
1122 1388 1173 1454 his
1200 1409 1302 1474 neque
1333 1386 1403 1452 aliis
1440 1385 1534 1468 locis,
1570 1389 1604 1455 id
1632 1390 1717 1476 quod
1743 1389 1922 1458 Varronem

315 1508 503 1593 praeterisse
524 1507 772 1594 eopotissimum
792 1505 872 1587 loco,
893 1506 950 1573 ubi
969 1507 1144 1592 composita
1166 1503 1359 1588 simplicibus
1370 1506 1503 1590 opponit
1523 1508 1557 1571 et
1573 1507 1820 1593 compositorum
1829 1510 1922 1593 plura

317 1625 423 1704 affert,
445 1624 575 1690 minime
594 1625 660 1690 veri
681 1623 784 1690 simile
804 1628 863 1690 est.
906 1623 1022 1692 Verbis
1043 1623 1188 1690 musam
1207 1619 1238 1685 V
1260 1620 1319 1686 171
1341 1643 1374 1708 p.
1396 1621 1456 1686 172
1478 1625 1511 1688 et
1532 1629 1673 1690 connum
1693 1623 1724 1690 X
1746 1626 1785 1691 81
1807 1648 1838 1713 p.
1860 1627 1922 1694 589

317 1743 513 1828 potissimum
544 1741 775 1808 Wilmannsius
803 1740 929 1808 videtur
949 1744 1053 1806 motus
1075 1745 1112 1806 ut
1132 1737 1301 1806 verborum
1326 1737 1488 1804 collisione
1515 1739 1651 1807 alterum
1677 1743 1923 1828 compositorum

316 1877 416 1942 genus
446 1863 559 1924 uatum
587 1861 758 1936 statueret,
788 1858 824 1922 in
850 1857 964 1943 quibus
991 1855 1116 1941 syllaba
1143 1855 1262 1921 extrita
1286 1859 1399 1920 esset·
1421 1853 1649 1924 Verumtamen
1670 1864 1704 1925 et
1724 1860 1868 1928 coucam
1888 1865 1923 1926 et

314 1980 509 2040 amaneum
535 1980 610 2041 sunt
631 1996 718 2041 mere
739 1994 917 2059 synonyma
937 1995 1020 2060 quae
1042 1973 1191 2039 dicuntur
1210 1971 1301 2038 verbi
1322 1974 1544 2055 compositum,
1565 1996 1624 2042 neo
1643 1976 1816 2062 quidquam
1836 1978 1922 2045 inter

314 2089 376 2159 boc
404 2095 438 2157 et
463 2091 518 2158 illa
547 2091 681 2172 interest
708 2091 771 2156 nisi
799 2091 885 2177 qnod
905 2091 962 2156 illa
982 2089 1203 2157 violentiorem
1223 2093 1260 2154 ut
1281 2088 1328 2155 ita
1349 2088 1453 2156 dicam
1472 2089 1639 2158 verborum
1660 2095 1922 2180 compositionem

313 2207 464 2274 videntur
492 2206 688 2294 significar03
715 2227 832 2272 novam
864 2205 1085 2274 declinationis
1106 2227 1249 2273 caussam
1268 2225 1334 2272 non
1361 2206 1643 2292 comprehendunt.
1683 2209 1753 2278 Hoc
1779 2212 1864 2278 enim
1885 2235 1921 2279 ee

314 2324 349 2390 in
370 2347 405 2390 re
425 2325 593 2411 praecipue
615 2328 733 2402 teneas,
753 2322 932 2389 Varronem
952 2323 1183 2410 bisquaternas
1198 2321 1378 2388 declinandi
1399 2345 1524 2410 caussas
1545 2347 1578 2392 se
1598 2326 1923 2414 allaturumproiiteri

316 2445 412 2530 etque
438 2441 474 2507 in
505 2441 550 2507 eis
572 2462 653 2526 quae
673 2445 798 2506 servata
818 2445 894 2506 sunt
913 2440 961 2506 ita
982 2440 1158 2519 ordinasse,
1179 2444 1216 2506 ut
1235 2439 1331 2506 binae
1352 2441 1437 2507 inter
1458 2463 1492 2508 se
1513 2443 1677 2529 oppositae
1699 2443 1826 2512 iunctae
1847 2445 1921 2525 sint,
2004 2435 2012 2444 ’

310 2559 399 2644 ·quod
420 2559 499 2626 item
520 2558 554 2624 in
575 2558 672 2624 verba
693 2559 903 2644 compositum
912 2562 946 2624 et
956 2558 1100 2626 collisum
1109 2580 1176 2625 uon
1188 2557 1284 2624 cadit
1323 2556 1446 2622 Deinde
1463 2557 1924 2645 siedexemplaillabisterna

316 2677 454 2761 respicis,
475 2675 572 2742 etiam
586 2697 668 2761 quae
688 2675 874 2761 simpliciter
888 2676 1133 2761 compositorum
1149 2675 1293 2759 exempla
1314 2677 1396 2754 sunt,
1418 2695 1436 2740 e
1454 2675 1575 2742 duobus
1589 2677 1751 2744 vocabulis
1760 2678 1811 2744 vel
1822 2678 1922 2746 altero

317 2793 501 2860 velduobns
510 2793 583 2878 plus
603 2793 707 2858 minus
729 2793 862 2859 mutatis
876 2792 1030 2858 breviatis
1039 2793 1212 2860 contractis
1233 2795 1311 2858 nala
1321 2791 1541 2878 dicipossunt;
1563 2793 1598 2858 in
1618 2793 1723 2859 verbis
1743 2795 1923 2878 aedificium

311 2910 580 2976 immensum
601 2911 838 2993 manupretium
847 2909 925 2976 bina
944 2909 1100 2977 vocabula
1118 2930 1217 2995 aeque
1238 2909 1347 2977 collisa
1357 2913 1453 2996 atque
1474 2910 1509 2976 in
1528 2915 1663 2994 setene
1683 2912 1817 2996 (septem
1837 2915 1923 3000 quod

314 3027 400 3113 apud
422 3026 669 3094 Wilmannsium
689 3027 823 3114 legitur,
851 3027 1001 3094 mendum
1021 3027 1216 3114 typographi
1240 3031 1335 3112 puto,
1364 3048 1437 3092 cnm
1463 3048 1566 3112 neque
1587 3029 1622 3093 in
1650 3005 1739 3096 codd
1766 3030 1809 3096 sit
1837 3031 1923 3116 apud

315 3141 522 3230 Spengeliuus
551 3149 585 3210 et
612 3143 816 3223 Muellerum,
847 3165 950 3230 neque
978 3147 1120 3230 aptum);
1154 3145 1261 3210 viano
1288 3147 1323 3209 et
1356 3143 1467 3210 vineae
1495 3166 1514 3208 a
1541 3145 1607 3212 rite
1635 3149 1709 3212 sunt
1737 3147 1922 3234 simpliciter

316 3258 491 3340 declinata,
512 3262 611 3327 verba
631 3261 693 3326 vite
715 3265 748 3327 et
767 3261 869 3328 malla
888 3283 953 3327 uon
976 3261 1085 3328 collisa
1108 3261 1142 3326 in
1160 3261 1206 3326 eis
1220 3260 1400 3340 iudicanda,
1421 3261 1522 3328 multu
1536 3262 1621 3328 enim
1633 3262 1716 3328 nihil
1730 3263 1772 3328 ad
1782 3268 1921 3349 etymon,

315 3377 410 3445 utVI
429 3380 450 3444 9
470 3401 503 3465 p.
526 3379 584 3445 191
608 3377 720 3459 ,hiems
741 3378 826 3464 quod
847 3383 916 3445 tum
936 3379 1029 3446 multi
1051 3378 1195 3455 imbres‘;
1216 3375 1399 3444 eoaawnx
1413 3379 1451 3445 81
1469 3401 1504 3470 p..
1522 3379 1584 3446 589
1604 3379 1691 3446 idem
1704 3379 1812 3447 valere
1826 3385 1921 3468 atque

314 3498 520 3579 compositam
541 3494 661 3562 Gellius
681 3496 775 3562 docet
795 3496 891 3582 quil.
914 3495 976 3563 VII
999 3497 1037 3563 ll
1059 3496 1213 3563 Varronis
1235 3495 1339 3562 locum
1360 3497 1406 3563 sie
1426 3495 1549 3562 reddit:
1572 3495 1626 3576 ,M.
1647 3495 1751 3563 Varro
1778 3497 1922 3564 inlibris

315 3612 356 3679 de
374 3614 487 3700 lingna
506 3613 624 3679 latina:
655 3617 692 3678 ut
713 3635 753 3680 ex
772 3633 839 3680 non
860 3618 893 3679 et
915 3613 983 3699 [ex]
1006 3614 1088 3693 volo,
1109 3613 1223 3698 iuquit,
1245 3614 1321 3680 nolo
1341 3613 1395 3693 fit,
1418 3613 1464 3679 sic
1485 3635 1525 3678 ex
1545 3634 1587 3680 ne
1608 3617 1643 3680 et
1665 3614 1732 3698 [ex]
1754 3614 1923 3700 quicquam

314 3733 420 3800 media
441 3731 564 3816 syllaba
585 3732 703 3798 extrita
724 3731 925 3818 componitur
937 3731 1161 3815 (compositum
1175 3733 1223 3796 est
1239 3731 1299 3816 al.)
1321 3735 1479 3816 nequam‘
1516 3729 1598 3797 Tum
1611 3737 1743 3818 propter
1755 3731 1924 3798 verborum

310 3847 486 3918 collidendi
507 3851 541 3913 et
561 3847 696 3934 cogendi
716 3847 869 3914 maiorem
889 3847 955 3912 vim
973 3847 1171 3934 primitivam
1191 3846 1328 3914 alterum
1349 3848 1594 3934 compositorum
1614 3869 1715 3938 genus
1735 3848 1798 3914 illis
1819 3848 1924 3915 serbis

314 3965 493 4033 Varronem
513 3965 708 4052 significasse
728 3986 795 4031 non
816 3964 918 4050 magis
939 3969 1046 4050 potest
1065 3963 1212 4050 probari,
1234 3967 1378 4050 quamsi
1401 3986 1455 4046 eo,
1481 3965 1565 4052 quod
1586 3962 1690 4031 Varro
1711 3965 1853 4032 litteram
1873 3965 1923 4031 vel

310 4081 473 4165 syllabam
493 4083 644 4150 extritam
666 4083 792 4169 saepius
813 4081 907 4161 dicit,
935 4103 1008 4148 eum
1034 4085 1161 4168 praeter
1191 4081 1407 4168 demptionem
1434 4081 1615 4148 universam
1634 4082 1657 4149 1.
1679 4102 1705 4147 c.
1726 4082 1923 4148 nominatam

311 4200 480 4286 proprium
500 4201 676 4266 extriturae
696 4221 797 4286 genus
819 4199 1002 4296 discrevisse
1022 4203 1157 4268 statuas.
1199 4197 1302 4265 Simili
1323 4199 1418 4266 modo
1434 4199 1593 4266 declinata
1608 4198 1762 4266 vocabula
1775 4199 1924 4265 universa

311 4321 351 4383 et
371 4320 443 4383 orta
457 4320 490 4381 et
504 4315 589 4383 dicta
610 4316 739 4384 etfacta
750 4317 868 4384 atficta
878 4316 1036 4395 dicuutur,
1058 4314 1235 4400 singulares
1246 4315 1412 4382 autemhis
1424 4317 1605 4382 verbisnon
1617 4315 1924 4402 comprehenduntur

314 4433 560 4512 declinationem
588 4455 725 4520 namque
746 4432 848 4500 Varro
876 4433 965 4500 etin
985 4431 1056 4498 aliis
1078 4433 1156 4498 artis
1177 4433 1405 4518 metiens
1426 4433 1589 4500 vocabulis
1608 4433 1670 4500 sibi
1695 4453 1762 4500 non
1787 4437 1923 4500 constat

314 4550 478 4618 Postremo
500 4552 528 4618 si
548 4551 652 4618 varios
674 4550 854 4618 declinandi
874 4551 985 4618 modos
1006 4551 1073 4616 sive
1094 4570 1220 4616 caussas
1241 4551 1419 4636 generatim
1446 4548 1703 4636 perlustraveris,
1730 4549 1763 4615 in
1788 4549 1924 4616 lectione

313 4689 334 4731 a
354 4665 506 4734 Muellero
528 4673 562 4734 et
586 4668 808 4735 Willmannsio
835 4669 999 4756 proposita
1028 4689 1101 4734 eum
1126 4689 1203 4753 prae
1232 4667 1345 4733 ceteris
1367 4666 1559 4734 desiderabis
1580 4665 1791 4750 modumque
1819 4666 1924 4732 exitus

313 4785 541 4853 vocabulorum
562 4790 774 4853 commutatus
796 4785 883 4852 eliud
903 4785 981 4873 quid
1002 4807 1120 4852 novum
1140 4788 1197 4850 aut
1226 4784 1327 4850 simile
1356 4783 1513 4865 ostendit,
1540 4789 1578 4850 ut
1604 4783 1639 4850 in
1666 4781 1771 4848 verbis
1797 4782 1924 4868 proprie

1740 4895 1773 4951 2*
