4684 5792
1089 786 1128 851 19

309 981 478 1068 expolitos,
501 987 598 1068 etque
617 983 715 1050 inscio
737 987 771 1048 et
791 983 893 1048 invito
914 987 1043 1050 ductore
1064 984 1215 1051 excidisse
1236 989 1269 1051 et
1289 984 1471 1072 pervenisse
1491 985 1527 1050 in
1543 1007 1656 1051 monus
1670 983 1902 1072 hominum¹¹):

312 1098 346 1163 id
373 1099 457 1184 quod
486 1096 733 1164 sLechmonuo
760 1099 930 1184 probatum
950 1099 1045 1184 (Mus.
1066 1099 1167 1166 Rhen.
1189 1099 1237 1166 VI
1257 1123 1288 1186 p.
1311 1101 1369 1166 107
1391 1100 1451 1186 sq.)
1473 1099 1664 1168 Ritscheiius
1685 1101 1781 1185 (Mus.
1802 1100 1903 1167 Rhen.

311 1235 385 1285 nov.
415 1213 464 1279 VI
491 1236 524 1299 p.
554 1214 629 1299 526)
657 1235 740 1280 novo
768 1215 907 1300 quodum
933 1217 1040 1300 ctqpe
1057 1216 1232 1283 certissimo
1259 1221 1447 1302 argumento
1475 1216 1536 1281 sibi
1564 1215 1649 1282 visus
1679 1219 1728 1282 est
1754 1215 1904 1294 firmcsse,

308 1325 502 1414 Spengelius
523 1332 630 1394 autem
651 1327 769 1413 (Ueber
790 1329 821 1394 d.
841 1328 950 1396 Kritik
970 1331 1000 1395 d.
1012 1329 1106 1400 Vurr.
1122 1331 1159 1401 B.
1174 1332 1214 1398 de
1226 1331 1248 1398 l.
1264 1330 1287 1397 l.
1301 1354 1332 1418 p.
1346 1331 1408 1396 443
1429 1332 1511 1417 sqq.)
1532 1332 1684 1399 acerrime
1704 1329 1906 1418 impugnavit

313 1447 412 1528 utque
434 1443 573 1530 negavit
610 1441 673 1511 Sed
693 1445 841 1511 universe
862 1445 954 1542 huius
974 1445 1050 1512 libri
1070 1447 1288 1532 dispositione,
1310 1467 1394 1531 quse,
1412 1447 1515 1513 iustus
1535 1444 1760 1532 etymologicon
1781 1444 1906 1531 legibus

312 1557 443 1624 minime
464 1561 641 1638 conveniet.
662 1559 742 1626 mihi
763 1559 889 1626 videtur
910 1562 1126 1647 comprobari,
1149 1559 1326 1627 Varronem
1352 1561 1516 1647 collegisse
1537 1561 1643 1648 potius
1664 1565 1697 1626 et
1717 1559 1905 1646 disposuisse

315 1693 354 1738 ex
367 1693 454 1739 mors
468 1673 736 1760 philosophorum,
748 1675 790 1741 ed
801 1696 934 1760 quorum
944 1675 1144 1761 disciplinam
1157 1677 1413 1756 adhaerescebet,
1426 1697 1561 1763 quorum
1574 1677 1730 1742 institutis
1742 1680 1905 1760 termimum

314 1792 445 1858 vinculis
465 1787 637 1859 obstrictus
657 1792 838 1871 tenebatur,
860 1815 957 1879 quem
978 1815 1016 1858 es
1036 1814 1118 1878 quse
1132 1792 1376 1880 grammaticum
1396 1791 1556 1858 hominem
1576 1791 1688 1859 deceat
1707 1789 1850 1857 ordiendi
1872 1795 1906 1856 et

310 1907 484 1974 disserendi
494 1910 619 1975 ratione
629 1908 712 1976 hene
722 1909 825 1994 operis
835 1914 959 1994 partem
971 1909 1149 1975 coniecisse.
1171 1905 1357 1975 AVsrrone
1374 1907 1457 1974 effici
1468 1929 1532 1973 non
1550 1907 1689 1993 potuisse
1703 1909 1852 1992 apparet,
1869 1910 1906 1970 ut

312 2044 395 2090 novo
410 2027 444 2089 st
454 2022 496 2088 sd
507 2045 574 2089 rem
584 2023 780 2109 propositum
790 2024 894 2109 magis
904 2021 1108 2090 accomodate
1127 2025 1271 2088 uteretur
1291 2023 1416 2088 ratione
1437 2023 1471 2088 in
1492 2022 1673 2108 veriloquii·
1696 2020 1905 2106 exquirendis.

412 2137 554 2224 Exposui
574 2137 649 2216 iere,
672 2142 710 2205 ut
723 2138 823 2225 potui,
845 2142 1001 2223 quotenus
1012 2137 1115 2203 Varro
1125 2137 1204 2203 vitio
1225 2139 1341 2203 ostatu
1356 2143 1390 2204 et
1410 2137 1594 2223 disciplinae
1609 2136 1660 2204 oui
1681 2136 1826 2204 addictus
1837 2139 1907 2200 eret

310 2253 418 2338 potius
439 2275 533 2338 quem
556 2275 612 2318 suo
634 2275 814 2339 remquam
828 2253 1021 2338 etymologis
1036 2253 1249 2320 debeatviem
1269 2273 1334 2318 non
1358 2253 1516 2340 ingressus
1537 2254 1580 2320 eit
1596 2253 1631 2318 in
1645 2273 1740 2339 opere
1754 2251 1905 2318 ordiendo

311 2372 346 2434 et
366 2368 401 2433 in
422 2367 513 2434 libris
535 2389 707 2455 eorumque
727 2369 873 2456 portibus
893 2369 1114 2453 disponendis3
1135 2368 1220 2455 quod
1240 2367 1326 2434 idem
1344 2373 1382 2434 ut
1402 2367 1616 2434 demonstrem
1634 2389 1720 2436 nunc
1740 2367 1907 2434 ostendam

312 2482 489 2551 Varronem
509 2486 634 2572 saepius
656 2492 689 2553 et
709 2485 804 2552 nimis
824 2487 984 2571 quaesitus
1011 2491 1045 2552 et
1072 2505 1186 2570 perum
1213 2489 1316 2550 rectus
1343 2483 1486 2571 prolerre
1515 2483 1739 2550 vocabulorum
1767 2482 1905 2568 origines

308 2598 426 2684 quibus
448 2621 556 2666 eorum
577 2602 633 2676 vis.
655 2621 720 2666 non
740 2601 950 2686 veriloquium
971 2583 1152 2687 eipiioetor.
1194 2597 1385 2668 Incredibile
1406 2603 1456 2664 est
1476 2600 1570 2677 enim,
1591 2619 1688 2684 qnam
1700 2599 1766 2664 sint
1779 2600 1906 2684 ineptes

311 2714 473 2780 interdum
494 2737 531 2781 so
551 2733 654 2800 poene
673 2715 842 2794 ridiculae,
864 2719 1046 2802 qusntsque
1071 2714 1305 2801 interpretundi
1332 2715 1477 2794 licentio,
1505 2713 1589 2781 nude
1616 2719 1829 2800 opportunum
1856 2710 1907 2777 vei

309 2831 511 2897 commodum
521 2831 675 2910 videntur,
696 2833 864 2898 verborum
875 2832 985 2899 crebro
996 2833 1153 2899 ducantur
1162 2831 1347 2916 veriloquis.
1370 2831 1516 2916 Longum
1531 2831 1906 2908 estomuieenumersre;

308 2949 347 3012 et
374 2967 446 3012 cnm
473 2947 582 3012 libello
611 2945 800 3013 scholastico
820 2945 1047 3015 Omoemcensi
1079 2969 1173 3034 quem
1203 2969 1288 3014 suno
1308 2945 1523 3012 Mooocnm
1550 2945 1590 3012 de
1611 2945 1765 3012 Varronis
1793 2945 1907 3030 etymis

310 3061 499 3146 quibusdam
521 3063 692 3149 conscripsi
711 3063 746 3127 in
766 3062 849 3130 hene
870 3084 938 3130 rem
959 3065 1083 3150 saepius
1104 3064 1246 3129 suimum
1267 3063 1475 3142 averterim,
1496 3083 1581 3128 nunc
1609 3061 1749 3128 breviter
1777 3065 1906 3127 tontum

310 3173 434 3262 eliquot
454 3198 564 3242 eornm
585 3183 728 3266 tongum,
751 3177 901 3244 subiectis
922 3177 993 3244 eliis
1014 3179 1177 3245 nonnullis
1198 3177 1381 3263 veriloquiis
1403 3199 1484 3262 quse
1505 3176 1616 3244 eodem
1636 3177 1814 3243 Varronem
1840 3195 1906 3240 non

309 3290 395 3356 iuste
416 3293 643 3378 etymologioes
664 3294 788 3362 ratione
808 3312 877 3359 rem
896 3293 1061 3380 expedisse
1083 3297 1230 3379 arguent.
1376 3381 1379 3390 Ι

415 3406 564 3474 Volucres
584 3431 604 3474 s
624 3407 762 3474 volendo
783 3409 964 3476 nominatas
984 3407 1089 3475 Verro
1110 3408 1141 3475 V
1162 3409 1202 3475 75
1224 3431 1254 3496 p.
1278 3409 1319 3474 80
1339 3413 1426 3475 reete
1445 3408 1542 3486 dixit;
1572 3407 1628 3474 sed
1649 3407 1791 3473 indidem
1810 3407 1906 3475 ducta

308 3523 459 3607 opinetur
472 3523 567 3591 haec:
587 3523 694 3606 volpes
710 3525 803 3610 qnod,
825 3529 862 3591 ut
874 3525 986 3594 Aelius
1006 3525 1132 3606 (imerii,
1153 3525 1239 3592 volet
1258 3525 1392 3611 pedibus
1407 3524 1438 3588 V
1454 3525 1513 3590 101
1530 3547 1562 3610 p.
1579 3524 1655 3601 103;
1675 3523 1795 3589 coitum
1811 3522 1905 3608 quod,

311 3659 382 3704 oum
405 3639 439 3704 id
459 3641 599 3720 iactent,
627 3640 737 3706 volent
764 3641 839 3707 inde
859 3641 995 3726 ieria¹¹i
1022 3638 1054 3707 V
1078 3641 1138 3706 138
1159 3663 1191 3726 p.
1213 3640 1290 3717 141;
1318 3640 1387 3706 volo
1416 3633 1644 3723 [evoluisse
1674 3645 1707 3706 et
1734 3661 1754 3704 a
1781 3635 1905 3720 solutu]

289 3757 394 3842 ·quod
415 3756 539 3852 enimus
560 3759 607 3823 itu
627 3757 678 3836 sit,
700 3763 737 3824 ut
757 3761 877 3843 puncto
898 3759 1050 3843 temporie
1070 3756 1214 3843 pervolet
1234 3777 1297 3840 quo
1317 3755 1387 3822 volt
1399 3753 1447 3821 VI
1467 3755 1508 3821 47
1529 3777 1561 3841 p.
1581 3755 1659 3831 2243
1692 3753 1801 3838 iotiipo
1822 3753 1907 3839 quod

309 3872 461 3951 subvolet,
483 3873 593 3939 litters
614 3878 819 3952 commutate,
841 3874 889 3940 its
912 3879 947 3939 ut
966 3875 1069 3959 primo
1089 3871 1208 3958 colligo
1229 3871 1350 3939 dictum
1371 3872 1414 3937 sit
1434 3869 1465 3938 V
1486 3871 1527 3937 79
1547 3893 1580 3956 p.
1601 3871 1652 3936 84.
1679 3869 1908 3936 Verumtamen

309 3989 417 4073 volpes
439 4009 554 4074 graeco
575 3986 712 4073 α’λιιίπηξ
721 3990 781 4075 ¹⁸),
802 3989 874 4056 volo
895 4011 1012 4077 greeoo
1032 3986 1205 4074 βούλομαι
1214 3989 1270 4073 ¹⁴),
1293 3993 1402 4054 nostro
1431 3987 1543 4054 coum
1571 3991 1760 4072 cognatum
1788 3988 1908 4054 sallum

335 4133 377 4209 ²¹)
398 4133 502 4194 Libros
530 4135 567 4195 de
589 4135 687 4212 lingue
708 4137 759 4199 int.
780 4138 810 4196 in
831 4153 930 4196 eornm
954 4151 1074 4195 numero
1096 4136 1193 4210 ponit,
1220 4133 1380 4209 dequibus
1404 4138 1439 4196 Δ.
1463 4133 1571 4195 Gellius
1595 4135 1630 4196 N.
1653 4133 1688 4196 Δ.
1711 4133 1754 4194 111
1776 4137 1814 4192 10
1836 4133 1908 4194 hoec

398 4226 503 4286 trudit:
526 4227 655 4307 ‚[Vsrro]
670 4229 753 4290 addit
774 4247 806 4290 se
830 4228 1023 4304 quoquotum
1046 4228 1244 4288 duodecimum
1264 4242 1405 4286 cenorum
1427 4226 1638 4287 hebdomadem
1658 4228 1820 4302 ingressum
1843 4241 1907 4286 esse

401 4325 431 4378 ei
459 4319 497 4378 sd
524 4337 588 4380 eum
616 4321 693 4382 diem
721 4323 819 4396 (libris
840 4320 1058 4381 Hebdomsdnm
1087 4321 1132 4380 vei
1157 4319 1193 4379 de
1214 4317 1389 4394 inruginibus
1410 4319 1571 4394 conceptis)
1592 4319 1778 4394 septuaginta
1798 4317 1908 4378 tetdo·

400 4410 500 4470 medes
521 4412 659 4472 libromm
682 4415 905 4488 conscripsisse:
931 4430 967 4472 ex
989 4413 1092 4487 quibos
1114 4411 1362 4487 siiqnsmmnitos‚
1385 4426 1448 4469 cum
1470 4410 1651 4485 proscriptus
1674 4419 1761 4485 esset,
1784 4409 1906 4486 direptis

400 4503 581 4564 bibliothecis
603 4505 662 4564 suis
684 4523 740 4566 non
762 4505 977 4580 comperuisse‘

332 4594 374 4671 Ι1)
394 4595 561 4656 Meminisse
583 4596 698 4656 ridetur
718 4597 839 4657 Homeri
860 4596 931 4656 iliud
954 4596 988 4657 11.
1012 4595 1036 4653 V
1058 4597 1128 4657 409.
1273 4623 1275 4628 ·

330 4688 374 4764 ¹⁸)
395 4685 438 4748 Gi
469 4687 647 4762 Scaligemm
674 4687 712 4746 sd
741 4689 769 4750 h.
800 4689 818 4748 i.
848 4718 887 4732 -
916 4688 1061 4748 Dissentit
1094 4683 1227 4751 Oenius
1254 4682 1451 4767 &cecrops
1478 4681 1535 4747 der
1566 4681 1684 4772 picci.
1710 4679 1909 4766 Etymoloaie

331 4869 373 4945 ει)
396 4778 661 4932 1311111911.
686 4870 712 4930 ιι
739 4873 797 4930 126
821 4872 860 4933 si.

1725 4981 1758 5034 3*
