4684 5792
1235 769 1275 836 16

456 989 559 1054 neque
580 969 683 1035 omnis
704 969 794 1055 origo
816 972 865 1034 est
886 968 1014 1054 linguae
1036 969 1157 1036 latinae
1179 991 1197 1035 e
1218 967 1395 1035 vernaeulis
1414 967 1535 1045 verbim
1564 972 1598 1035 et
1617 968 1720 1035 multa
1740 969 1839 1036 verbs
1860 967 1947 1036 aliud
1967 989 2052 1035 nune

455 1082 636 1162 ostendunt,
658 1083 745 1150 alind
765 1087 841 1150 ante
862 1084 1107 1170 significabant‘
1130 1116 1169 1133 -
1190 1081 1238 1148 lb.
1259 1083 1279 1149 5
1299 1104 1332 1168 p.
1355 1083 1393 1148 15
1415 1081 1454 1148 ds
1475 1087 1653 1168 tempomns
1680 1083 1800 1150 iniuria
1816 1083 1929 1150 ¹inrisa
1956 1087 2052 1169 atque

456 1197 650 1264 inmutabili
670 1199 786 1266 iterum
807 1199 950 1284 queritur
977 1193 1041 1266 ite:
1070 1196 1233 1278 ‚Vetustas
1258 1220 1360 1286 panea
1390 1221 1457 1266 non
1482 1197 1651 1285 depravat,
1681 1199 1782 1266 multa
1810 1199 1905 1266 tollit
1950 1197 2052 1276 Quem

455 1335 589 1399 puerum
611 1313 720 1381 vidisti
737 1313 910 1383 formosum
930 1314 1015 1382 hune
1035 1313 1122 1381 rides
1143 1313 1318 1380 deformem
1337 1317 1372 1380 in
1387 1319 1523 1382 senecta
1571 1313 1714 1382 Tertium
1732 1315 1871 1382 saeelum
1885 1336 1950 1381 nou
1963 1313 2052 1382 videt

457 1448 529 1494 enm
557 1428 720 1497 bominem
746 1451 840 1515 quem
867 1429 950 1494 vidit
979 1429 1125 1514 primum.
1168 1428 1274 1507 Quare
1300 1430 1358 1495 illa
1385 1451 1466 1515 quae
1494 1430 1561 1495 iam
1588 1429 1760 1496 maioribus
1787 1429 1905 1495 uostris
1934 1428 2050 1496 ademit

452 1543 575 1610 oblivio
595 1543 743 1631 fugitiva,
764 1550 873 1612 secuta
883 1545 1035 1612 sedulitas
1049 1545 1133 1612 Muti
1147 1550 1180 1612 et
1194 1544 1288 1614 Bruti
1298 1545 1341 1629 Π)
1363 1544 1524 1612 retrabere
1534 1545 1666 1630 nequit‘
1678 1579 1717 1593 -
1728 1543 1833 1612 Stadii
1843 1545 2053 1630 pertinaciam

450 1659 528 1726 ideo
554 1681 619 1726 non
648 1660 862 1726 intermissam
889 1665 1042 1741 testatos,
1071 1660 1175 1728 denno
1204 1660 1243 1727 de
1270 1661 1316 1726 rei
1343 1659 1585 1726 difficultatibus
1606 1681 1738 1727 monens
1757 1660 1880 1747 pergit:
1902 1659 2053 1742 ‚Nomai

455 1795 520 1842 non
540 1779 674 1860 potuero
694 1775 857 1862 indagare,
879 1797 917 1841 eo
940 1797 993 1842 aro
1014 1777 1152 1854 tardior;
1173 1776 1229 1842 sed
1249 1776 1387 1843 veloeior
1407 1775 1478 1842 ideo
1492 1775 1520 1840 si
1533 1774 1681 1860 quirem
1701 1795 1767 1840 non
1781 1775 1953 1842 medioeres
1968 1777 2053 1842 enim
2083 1757 2085 1764 ’

455 1889 608 1956 tenebrae
627 1891 662 1956 in
683 1891 763 1957 silva
785 1890 840 1957 ubi
860 1891 940 1958 baeu
961 1891 1138 1978 eeptands;
1167 1913 1270 1978 neque
1291 1913 1330 1977 eo
1352 1913 1415 1977 quo
1435 1892 1601 1978 pervenire
1621 1890 1766 1959 volumus
1787 1891 1919 1958 semitm
1938 1892 2051 1968 tribues

455 2026 559 2090 neque
580 2026 644 2071 non
664 2006 698 2072 in
720 1997 904 2072 tramitibus
925 2005 1082 2092 quasdam
1102 2005 1227 2073 obieeta
1249 2029 1331 2094 quae
1351 2010 1480 2074 euntem
1503 1988 1640 2074 retinere
1661 2009 1811 2092 possent!

555 2120 631 2188 Jam
650 2143 726 2188 vero
747 2142 819 2187 eum
845 2121 901 2189 illa
929 2121 1106 2209 longiorem
1136 2144 1203 2188 non
1228 2123 1396 2189 videantur
1423 2123 1601 2190 orationem
1627 2122 1822 2202 desiderare,
1851 2120 1928 2209 quid
1947 2118 2050 2187 Varro

455 2235 557 2302 tribus
581 2235 631 2302 his
659 2231 748 2302 libris
775 2259 815 2303 ex
843 2257 914 2302 mea
941 2238 1101 2303 mutantia
1129 2237 1325 2322 praestiterit
1352 2259 1517 2324 exponam.
1558 2235 1681 2324 Negari
1709 2241 1816 2304 summ
1841 2235 1930 2302 nullo
1957 2239 2052 2321 paeto

454 2374 546 2436 posse
568 2352 714 2432 arbitror,
736 2352 913 2420 Varronem
933 2374 998 2420 non
1019 2353 1164 2440 attigisse
1184 2357 1334 2439 quartum
1354 2352 1523 2419 verborum
1542 2353 1682 2439 origines
1697 2352 1890 2438 explanandi
1907 2351 2051 2438 gradum,

456 2469 559 2552 magis
578 2465 803 2555 philosophum
824 2467 991 2534 sublimem
1011 2489 1046 2534 se
1066 2467 1247 2554 praebuisse
1268 2489 1364 2552 quam
1384 2467 1533 2534 subtilem
1561 2468 1721 2547 esitium,
1751 2467 1873 2554 ingenii
1901 2467 1994 2554 oopia
2021 2445 2055 2534 et

456 2581 604 2648 ubertate
623 2581 694 2667 plos
715 2582 851 2648 valuisse
871 2603 968 2668 qnam
990 2582 1136 2649 momine
1150 2586 1184 2648 et
1198 2585 1384 2669 sagacitate,
1405 2583 1510 2650 minus
1525 2581 1708 2650 discrevisse
1721 2605 1761 2648 ex
1775 2604 1838 2668 qno
1852 2583 2054 2668 grammatici

456 2694 577 2764 debent
604 2719 692 2764 more
720 2720 817 2784 quam
844 2697 1008 2786 eollegisse
1030 2698 1174 2765 adiutum
1193 2699 1361 2778 memoria,
1389 2698 1539 2766 thesauro
1567 2698 1623 2764 illo
1651 2699 1794 2766 omnium
1823 2719 1939 2768 rernm.
1981 2697 2053 2764 Duo

455 2812 625 2898 praecipua
645 2817 720 2878 snut
739 2818 929 2899 argumenta
949 2813 1063 2900 quibus
1084 2813 1117 2879 id
1137 2813 1283 2881 efficitur.
1324 2814 1454 2881 lltenim
1474 2812 1579 2881 Varro
1600 2833 1702 2899 neque
1724 2833 1795 2880 eam
1815 2835 1911 2898 quam
1931 2817 2054 2898 etymo·

455 2928 544 3014 logia
564 2928 660 2996 debet
680 2929 765 2994 viam
786 2929 866 2995 mibi
895 2928 1022 2994 videtur
1049 2929 1209 3016 ingressus
1237 2951 1319 3011 esse,
1348 2937 1380 3026 et
1406 2929 1531 3016 saepius
1555 2928 1726 2996 verborum
1753 2928 1893 3016 origines
1920 2928 2054 3015 protulit

456 3063 528 3110 oum
550 3043 645 3113 nimis
665 3043 824 3130 quaesitas
845 3048 915 3110 tum
935 3065 1047 3129 parum
1075 3048 1189 3112 restas.
1232 3043 1322 3122 Quod
1350 3050 1522 3132 utrumqne
1542 3042 1697 3111 Venonis
1725 3047 1759 3110 et
1787 3044 1992 3130 dispositione
2022 3047 2054 3109 et

456 3158 655 3243 expositione
675 3139 891 3226 sommant}

555 3271 733 3340 Varronem
753 3294 819 3340 non
841 3295 909 3340 eam
932 3295 1028 3360 qoam
1048 3275 1276 3360 grammatious
1298 3273 1414 3342 debeat
1435 3275 1522 3342 viam
1541 3275 1720 3361 ingressum
1740 3274 1840 3342 videri
1859 3275 1965 3361 priore
1986 3276 2055 3342 loeo

455 3389 557 3475 posui
589 3386 675 3454 Nam
694 3389 873 3476 quicunqne
894 3388 935 3455 de
954 3389 1124 3457 verborum
1144 3391 1321 3479 originibus
1342 3392 1501 3460 soribendi
1521 3391 1687 3459 eonsilium
1702 3392 1791 3479 eapit
1803 3391 2054 3478 exsequiturqne,

456 3504 600 3590 inprimis
617 3504 659 3572 ad
679 3503 714 3570 id
734 3504 831 3570 debet
851 3505 992 3570 animum
1013 3504 1196 3586 intendere,
1226 3511 1264 3573 ut
1287 3507 1507 3592 profioisoatur
1533 3506 1617 3573 unde
1645 3507 1747 3574 omnis
1775 3506 1926 3574 sermonis
1953 3507 2054 3595 origo,

455 3641 570 3706 nempe
604 3620 646 3686 ab
678 3619 840 3686 vocabulis
872 3641 954 3706 qnae
987 3620 1152 3706 primitiva
1184 3620 1334 3688 dieantur
1365 3627 1398 3688 et
1429 3625 1585 3709 tanquam
1613 3621 1736 3690 radiosa
1766 3625 1843 3689 sunt
1870 3625 2055 3689 ratsromm.

455 3736 577 3814 Quibus
599 3735 737 3823 cognitis
758 3736 967 3822 inquirendae
996 3740 1071 3802 sunt
1096 3735 1183 3823 leges
1211 3735 1384 3804 seeundum
1409 3760 1487 3824 quas
1518 3738 1679 3807 deelinnts
1706 3738 1860 3806 voeabula
1886 3736 2056 3806 indelicta

455 3855 540 3918 sunt
582 3851 652 3930 Qus
671 3852 706 3917 in
726 3873 761 3917 re
782 3873 855 3919 oum
873 3851 1010 3917 multum
1030 3852 1168 3932 intersit,
1188 3854 1326 3939 primam
1345 3843 1572 3922 ioeabulorum
1592 3855 1657 3922 rim
1678 3855 1839 3940 integram
1858 3851 1996 3920 retinere
2015 3850 2056 3918 ad

456 3967 692 4053 impositionem
713 3972 800 4034 reete
820 3965 1067 4046 diiudieandsm
1088 3967 1123 4033 in
1137 3967 1389 4036 declinationum
1409 3969 1533 4055 legibus
1555 3968 1748 4055 indagandis
1769 3991 1806 4036 ao
1827 3967 2056 4036 constituendis

455 4083 556 4169 pluris
575 4083 640 4149 imo
660 4103 735 4150 vero
757 4081 895 4149 maxime
915 4082 1049 4148 interest
1076 4103 1144 4149 rem
1172 4087 1316 4169 repetere
1344 4085 1387 4151 ab
1416 4083 1579 4151 elementis
1606 4084 1737 4170 linguae
1758 4088 1791 4150 et
1814 4083 1855 4151 ad
1876 4083 2057 4152 litterarum

456 4203 515 4266 aut
535 4197 759 4284 eognationem
781 4201 838 4264 aut
857 4195 1077 4264 diversitatem
1096 4197 1261 4284 respioere.
1303 4199 1343 4266 In
1363 4199 1474 4288 lingua
1496 4199 1581 4266 enim
1602 4199 1685 4266 sieut
1713 4199 1748 4264 in
1774 4203 1892 4266 natura
1911 4200 2056 4266 universa

455 4313 537 4380 nihil
557 4313 596 4380 tit
616 4335 691 4380 uaso
717 4314 767 4380 vel
796 4319 930 4393 temere,
958 4313 1015 4379 sed
1041 4314 1149 4380 omnia
1176 4315 1271 4381 sertis
1299 4314 1466 4402 finguntur
1493 4314 1628 4400 legibus.
1671 4312 1880 4391 Quinetiam
1908 4314 2057 4400 loquendi

456 4416 530 4497 usus
558 4431 688 4496 minime
715 4430 845 4498 lieentia
878 4429 1005 4497 infinita
1040 4431 1095 4497 sed
1123 4451 1244 4528 severa·
1261 4431 1379 4496 mentis
1408 4429 1567 4496 humanae
1595 4429 1668 4516 lege
1695 4434 1920 4498 eommutatur.
1968 4427 2055 4506 Quae

456 4547 564 4612 omnia
592 4568 612 4610 a
640 4544 784 4612 Varrone
814 4547 987 4613 maximam
1017 4551 1142 4634 partem
1170 4546 1318 4632 negleota
1345 4544 1442 4611 vides.
1492 4543 1662 4612 Derlinata
1688 4546 1843 4614 voeabula
1871 4545 1997 4630 saepius
2027 4543 2057 4610 ei

452 4771 455 4778 ·
484 4758 525 4835 ²²)
545 4757 591 4819 De
611 4758 687 4909 leti:1
702 4758 800 4911 blnepo
821 4765 850 4820 et
871 4759 964 4822 Bruto
986 4759 1154 4822 Turnebun
1181 4759 1344 4836 explicasse
1374 4759 1445 4820 dicit
1467 4755 1501 4822 0.
1526 4760 1684 4822 Muellsms
1706 4777 1736 4836 p.
1753 4747 1776 4820 ’3
1800 4761 1845 4820 oni
1867 4757 2058 4835 proverbialis

549 4865 615 4911 osse
638 4853 666 4910 ri
687 4856 752 4912 etur
783 4852 869 4916 sotio
