4684 5792
1098 823 1139 887 33

1020 911 1219 924 amm

314 1020 376 1087 hoc
394 1026 555 1106 postremo
577 1043 693 1108 genere
714 1043 812 1108 agens
832 1021 1064 1108 magnitudinis
1084 1021 1239 1088 vocabula
1260 1022 1339 1089 dicit
1352 1042 1444 1107 posse
1458 1043 1524 1088 asse
1540 1027 1641 1102 terna,
1664 1026 1701 1087 nt
1714 1023 1795 1089 cista
1811 1023 1928 1092 cistula

316 1138 453 1217 cistella3
475 1139 517 1205 ib.
542 1140 580 1205 ll
602 1163 633 1224 p.
655 1140 717 1205 404
738 1138 920 1205 discrimina
941 1137 1029 1205 tertii
1051 1139 1176 1224 generis
1207 1161 1274 1206 esse
1295 1145 1426 1226 propter
1454 1141 1686 1206 incrementum
1712 1140 1797 1224 quod
1823 1142 1927 1208 maius
1974 1187 1978 1196 ·

315 1256 366 1322 vel
394 1258 499 1322 minus
527 1258 562 1322 in
591 1255 641 1321 his
670 1279 739 1322 esse
767 1257 882 1341 possit,
910 1260 948 1321 ut
975 1277 995 1320 a
1023 1256 1158 1322 candido
1188 1256 1352 1322 candidius
1382 1256 1650 1323 candidissimum.
1677 1293 1716 1304 -
1745 1257 1794 1323 De
1821 1259 1927 1324 verbis

316 1374 561 1459 compositis
583 1396 611 1439 v.
634 1395 664 1459 p.
688 1375 727 1438 10
748 1396 793 1459 sq.
815 1410 857 1422 -
878 1371 1003 1439 Nomen
1024 1394 1228 1439 commune
1249 1378 1314 1453 est,
1344 1375 1371 1438 si
1394 1373 1505 1440 eadem
1529 1373 1674 1446 sordue
1696 1375 1868 1460 significat,
1889 1379 1929 1441 ut

317 1492 421 1576 Argoa
442 1495 491 1556 est
510 1490 605 1556 bomo
626 1497 659 1556 et
679 1490 841 1577 oppidum,
864 1489 951 1556 Meto
972 1511 1085 1556 nomen
1109 1494 1142 1555 et
1162 1490 1303 1581 verbum.
1349 1490 1397 1557 of.
1418 1490 1515 1556 VIIII
1536 1491 1576 1556 89
1597 1515 1628 1576 p.
1650 1491 1720 1558 523.

414 1607 592 1674 Varronem
613 1608 663 1674 his
685 1607 893 1674 divisionibus
913 1628 1021 1672 omnes
1043 1608 1253 1674 orationis
1273 1612 1415 1692 partes
1436 1630 1538 1693 neque
1560 1609 1727 1694 digessisse
1747 1609 1782 1672 iu
1795 1609 1927 1676 nomina

316 1724 412 1790 verba
432 1726 620 1810 particulas,
642 1747 723 1810 qnae
742 1747 828 1791 nunc
852 1729 901 1791 est
921 1725 1069 1790 universa
1090 1745 1198 1790 aarum
1220 1725 1348 1804 divisio,
1376 1746 1478 1810 neque
1499 1727 1639 1811 potuisse
1661 1726 1823 1812 digerere,
1854 1747 1925 1792 cum

316 1843 491 1927 quamlibet
526 1844 751 1909 vocabulorum
786 1843 996 1909 mutationem
1032 1842 1253 1909 declinationis
1291 1843 1420 1908 nomine
1452 1842 1751 1928 comprehenderet,
1783 1846 1925 1928 apparet

315 1958 425 2025 Nihilo
453 1960 557 2045 magis
585 1981 699 2026 novem
726 1981 806 2044 quas
833 1981 919 2026 nunc
945 1959 1082 2025 solemus
1110 1957 1251 2045 singulas
1280 1959 1476 2046 distinguere
1511 1963 1626 2047 posuit
1676 1959 1814 2026 Omnino
1848 1962 1928 2043 quot

316 2076 499 2141 distinxerit
518 2077 660 2162 singulas
682 2077 813 2162 cognitu
835 2076 965 2143 difficile
985 2081 1042 2156 est,
1065 2077 1141 2161 quia
1161 2098 1225 2142 non
1248 2078 1355 2144 omnia
1376 2099 1458 2162 quae
1480 2099 1518 2142 ca
1539 2077 1578 2142 de
1599 2099 1634 2142 ra
1657 2078 1783 2161 scripsit
1805 2076 1845 2141 ad
1866 2096 1925 2141 uos

315 2198 545 2277 pervenerunt;
566 2195 745 2280 generatim
765 2198 873 2268 autem
893 2197 1045 2278 quattuor
1066 2214 1138 2258 eum
1159 2195 1308 2260 statuisse
1333 2194 1432 2259 tertia
1452 2194 1508 2259 illa
1530 2194 1682 2260 divisione
1703 2194 1891 2259 evincitur.-

416 2309 687 2376 Substantiva
707 2333 789 2397 quae
811 2309 952 2390 dicimus,
974 2312 1212 2377 nominatus
1235 2311 1337 2377 Varro
1359 2312 1534 2397 appellavit
1548 2317 1645 2396 atquc
1660 2311 1693 2374 in
1716 2310 1926 2376 vocabula

316 2430 349 2492 et
369 2428 528 2493 nomina
549 2428 683 2514 digessit
704 2425 785 2514 quae
807 2428 1001 2514 appellativa
1021 2433 1055 2494 et
1074 2429 1204 2514 propria
1225 2427 1328 2495 dicere
1350 2429 1579 2497 consuevimus.

415 2544 551 2612 Genus
571 2546 796 2611 vocabulorum
817 2545 932 2629 triplex
961 2545 1165 2612 discernitur:
1187 2544 1278 2610 virile
1299 2545 1452 2612 muliebre
1471 2551 1627 2612 neutrum.
1668 2545 1807 2611 Nomina
1835 2567 1922 2614 nuuc

315 2661 433 2725 usitata
454 2662 662 2727 masculinum
684 2667 717 2732 et
737 2662 923 2727 femininum
944 2684 1009 2727 non
1030 2662 1245 2727 inveniuntur.

416 2776 582 2843 Numeri
603 2800 681 2863 quos
703 2779 836 2846 dicimus
859 2778 958 2863 (apud
978 2777 1155 2844 Varronem
1177 2781 1261 2844 enim
1283 2778 1344 2846 hac
1365 2780 1397 2844 vi
1418 2802 1482 2845 nou
1504 2780 1635 2865 legitur)
1658 2779 1720 2845 duo
1742 2779 1827 2864 apud
1851 2801 1923 2846 eum

317 2899 400 2974 sunt,
422 2895 591 2980 singularis
613 2901 646 2964 et
665 2896 879 2962 multitudinis
902 2897 1067 2981 [species];
1090 2897 1222 2981 pluralia
1242 2897 1430 2962 vocabulum
1451 2919 1607 2981 nusquam
1628 2899 1773 2963 occm‘rit

417 3013 539 3079 Casus
559 3035 613 3079 sex
634 3015 741 3102 posuit
761 3013 865 3079 Varro
887 3018 920 3080 et
939 3018 1065 3099 praeter
1086 3015 1261 3079 ablativum
1291 3015 1536 3100 genetivnmque
1562 3014 1679 3080 eisdem
1700 3015 1813 3100 quibus
1841 3036 1927 3083 nunc

314 3137 449 3197 utuntur
471 3130 614 3196 homines
635 3132 836 3218 grammatici
856 3132 1019 3198 vocabulis
1041 3130 1230 3217 designavit.

413 3249 725 3315 Decliuationes
761 3271 839 3334 quas
879 3249 1005 3334 proprie
1037 3249 1170 3314 dicimus
1202 3249 1341 3334 quinque
1372 3269 1438 3313 non
1479 3248 1727 3334 distinguuntur.
1777 3248 1925 3334 Namque

312 3374 440 3453 praeter
469 3368 574 3433 locum
604 3365 635 3432 X
666 3367 706 3431 62
738 3390 769 3453 p.
801 3368 871 3446 tvo,
904 3366 943 3430 de
972 3387 1035 3450 quo
1065 3365 1151 3430 infra
1178 3364 1407 3449 disputabitur,
1443 3365 1524 3432 nihil
1552 3367 1642 3451 quod
1666 3366 1729 3432 huc
1763 3368 1925 3451 pertineat

313 3487 458 3572 reperies.
501 3485 623 3550 Divisio
645 3489 751 3550 autem
773 3505 854 3568 quae
875 3482 1025 3550 hocloco
1047 3487 1104 3562 est,
1126 3504 1319 3567 quamquam
1334 3485 1472 3568 quinque
1487 3483 1590 3549 exitus
1612 3483 1751 3549 diversos
1774 3483 1924 3566 ostendit,

315 3608 423 3668 tamen
444 3603 485 3668 ab
507 3625 545 3668 ea
566 3623 647 3686 quae
668 3623 753 3667 nunc
775 3605 824 3666 est
846 3599 991 3666 nonnihil
1012 3599 1172 3665 abhorret.

413 3719 586 3786 Nominum
625 3719 927 3784 adiectivorum
966 3717 1055 3782 nulla
1087 3722 1135 3782 est
1166 3718 1295 3794 divisi0;
1337 3722 1402 3782 tres
1433 3739 1508 3782 vero
1540 3717 1658 3801 gradus
1690 3721 1765 3782 suut
1796 3717 1924 3784 discreti

313 3838 419 3923 eisque
441 3835 633 3916 ,discrimina
654 3841 784 3921 propter
806 3836 1047 3902 incrementum‘
1069 3840 1103 3901 et
1124 3835 1272 3920 ,augendi
1294 3835 1473 3901 declinatio‘
1495 3856 1609 3899 nomen
1633 3835 1752 3900 datum.

414 3954 610 4020 Pronomi
620 3976 711 4018 num
734 3975 814 4038 quae
828 3954 955 4039 proprie
972 3953 1097 4018 anobis
1114 3953 1209 4032 dicta,
1225 3952 1399 4018 aVarrone
1410 3957 1519 4017 autem
1533 3951 1568 4016 in
1582 3952 1763 4017 universum
1779 3951 1924 4031 ,articuli‘

313 4077 388 4136 sunt
409 4073 579 4157 appellata,
601 4071 664 4138 duo
685 4071 890 4137 inveniuntur
911 4093 1043 4156 genera:
1065 4071 1280 4156 provocabula
1295 4073 1332 4134 ut
1352 4070 1422 4152 quis
1444 4091 1533 4153 quae,
1557 4073 1590 4134 et
1606 4071 1794 4154 pronomina
1814 4072 1851 4134 ut
1871 4068 1925 4135 hic

312 4186 400 4253 haec.
443 4188 588 4253 Alterum
617 4211 716 4275 genus
745 4189 922 4269 infinitum,
953 4188 1088 4254 alterum
1115 4195 1152 4254 ut
1180 4189 1307 4253 finitum
1341 4191 1473 4252 vocatur
1501 4190 1534 4250 et
1563 4185 1748 4270 seiungitur.
1791 4183 1925 4251 Accedit

313 4303 397 4387 qnod
419 4301 521 4368 Varro
541 4305 562 4368 l.
584 4305 614 4372 X
636 4309 676 4370 30
697 4331 728 4392 p.
751 4307 810 4372 561
834 4307 873 4371 da
895 4307 1034 4392 quinque
1055 4329 1164 4372 eorum
1192 4305 1361 4391 generibus
1392 4304 1548 4388 loquitur,
1580 4324 1714 4387 quorum
1736 4301 1798 4365 duo
1819 4298 1923 4384 prima

312 4420 454 4487 habeant
474 4421 593 4502 eadem,
615 4426 699 4507 quod
720 4426 785 4491 sint
808 4431 841 4491 et
861 4424 965 4490 virilia
987 4429 1020 4490 et
1040 4424 1208 4489 muliebria
1230 4427 1262 4488 et
1283 4425 1415 4498 neutra;
1438 4425 1471 4486 et
1492 4420 1578 4505 quod
1599 4421 1663 4486 alia
1684 4421 1749 4485 sint
1772 4423 1809 4482 ut
1823 4416 1924 4502 signi-

312 4539 408 4605 ficent
428 4561 535 4616 unum,
566 4539 629 4604 alia
649 4546 686 4607 ut
706 4543 814 4626 plura3
837 4546 871 4607 et
893 4543 932 4608 de
954 4542 1080 4608 casibus
1102 4541 1186 4627 quod
1207 4539 1350 4604 habeant
1371 4539 1493 4623 quinos.
1537 4538 1615 4604 Cum
1643 4557 1717 4602 vero
1744 4538 1923 4619 temporum

311 4659 428 4725 iniuria
457 4657 623 4736 acciderit,
653 4662 690 4722 ut
720 4665 784 4725 tres
818 4660 987 4727 schedulae
1019 4661 1133 4746 quibus
1166 4679 1203 4722 ea
1236 4656 1275 4721 de
1302 4677 1338 4720 re
1367 4655 1522 4740 scriptum
1554 4656 1660 4720 fuerat
1691 4650 1922 4730 interciderint,

312 4775 488 4841 accuratius
508 4776 543 4839 in
565 4797 603 4840 ea
624 4798 658 4840 re
680 4779 800 4843 versari
821 4801 886 4844 nou
907 4779 991 4845 licet
1034 4777 1184 4843 Ceterum
1204 4774 1309 4839 Varro
1331 4773 1365 4838 in
1387 4772 1470 4839 hanc
1492 4772 1720 4860 grammaticae
1740 4773 1865 4869 partem
1885 4770 1923 4832 nt

311 4892 345 4956 in
366 4893 502 4977 reliquas
523 4895 648 4978 saepius
669 4894 809 4960 animum
831 4897 1022 4974 intenderat,
1044 4916 1071 4959 e.
1096 4915 1142 4978 gr.
1163 4893 1245 4958 libro
1268 4894 1307 4959 de
1329 4893 1553 4979 grammatica,
1590 4912 1653 4975 qua
1681 4889 1720 4954 de
1741 4909 1775 4953 re
1796 4887 1922 4952 evolvas

1746 5005 1763 5058 5
