4684 5792
1251 738 1291 802 18

468 942 503 1003 et
524 937 732 1022 Antipatrum
752 942 907 1004 memorat
928 941 961 1004 st
981 938 1052 1005 illos
1072 939 1107 1004 iu
1128 939 1243 1025 quibus
1264 941 1291 1005 si
1311 959 1376 1005 non
1398 941 1525 1004 nutum
1547 937 1699 1004 acuminis
1720 942 1757 1004 at
1781 937 1852 1024 plus
1873 937 2072 1022 litterarum,¹

468 1053 503 1118 in
525 1074 588 1138 quo
609 1052 653 1119 sit
672 1053 904 1138 Aristophanes
924 1063 958 1118 et
977 1053 1199 1140 Apollodorus.
1241 1053 1391 1139 Inprimis
1412 1073 1486 1120 vero
1509 1052 1628 1139 species
1648 1052 1723 1118 libri
1743 1053 1870 1138 septimi
1890 1054 1946 1140 qui
1966 1055 2065 1122 verba

469 1169 611 1253 apochis
632 1169 737 1254 posita
757 1169 906 1247 illusbat,
926 1169 1079 1236 eiusmodi
1100 1174 1166 1250 est,
1187 1191 1270 1254 quae
1291 1169 1469 1236 Varronem
1491 1170 1599 1236 multis
1619 1170 1697 1236 locis
1717 1169 1862 1236 ordinem
1882 1169 2066 1238 institutum

467 1283 645 1369 neglexisse
667 1289 799 1370 arguam
820 1305 918 1369 quam
937 1283 979 1351 ob
999 1306 1068 1352 rem
1089 1283 1149 1354 Od.
1171 1283 1342 1352 Muellerus
1364 1285 1463 1371 praei.
1485 1307 1516 1370 p.
1538 1283 1600 1350 XV
1620 1284 1738 1351 librum
1758 1284 1849 1350 illum
1868 1284 2064 1370 farraginem

468 1398 575 1482 potius
595 1397 735 1464 locorum
755 1397 1069 1485 poeticorum-quam
1089 1401 1206 1467 iustam
1227 1400 1372 1486 poeticae
1393 1400 1541 1467 ffichonis
1562 1400 1787 1468 tractationem
1813 1404 1955 1479 censeat,
1983 1421 2062 1484 quae

468 1512 511 1578 ad
531 1513 628 1579 finem
649 1513 881 1598 quodammodo
901 1516 1064 1600 perducta,
1086 1515 1141 1582 sed
1161 1515 1250 1581 nullo
1270 1515 1365 1582 modo
1379 1515 1525 1582 absoluta
1546 1515 1647 1600 possit
1660 1514 1732 1581 dici.
1764 1514 1963 1600 Quamquam
1978 1514 2070 1586 idern¹

467 1652 500 1715 p.
521 1651 545 1694 s.
568 1628 653 1695 ultro
680 1629 865 1710 confitetur,
894 1651 934 1696 ns
960 1631 1044 1698 torte
1073 1631 1257 1717 disputandi
1284 1650 1402 1716 genus,
1431 1651 1493 1715 quo
1522 1630 1590 1716 ipse
1619 1651 1693 1696 usur
1721 1629 1779 1709 sit,
1813 1629 1848 1694 in
1874 1629 2003 1694 auriam
2030 1634 2065 1696 et

467 1744 635 1810 molestam
655 1749 874 1830 μικρολογίαν
896 1745 1077 1832 degeneret,
1098 1767 1164 1810 non
1185 1744 1280 1810 nimis
1301 1743 1515 1810 cavillmdum
1536 1766 1611 1824 esse,
1633 1744 1661 1810 si
1678 1744 1813 1830 scriptor
1827 1743 1862 1808 in
1876 1765 1914 1809 ea
1928 1743 2065 1810 mamria

432 1887 434 1894 ·
468 1859 567 1924 etiam
586 1861 731 1928 tenuiore
751 1861 890 1946 quedem
911 1861 1126 1926 similitudinis
1148 1861 1250 1946 specie
1272 1881 1305 1926 se
1326 1859 1399 1926 duci
1419 1859 1578 1945 patiatur,
1607 1864 1703 1944 atque
1730 1858 1825 1926 licere
1848 1857 2008 1924 interdum
2028 1859 2064 1924 iu

466 1970 528 2040 hoc
548 1974 721 2040 disserendi
743 1995 859 2062 genere
880 1975 1009 2042 mcertis
1029 1975 1173 2062 passibus
1194 1995 1407 2061 securumque,
1430 1995 1493 2060 quo
1506 1973 1602 2060 pedes
1617 1972 1733 2054 ierant,
1754 1972 1817 2040 huc
1837 1973 1912 2040 illuc
1932 1973 2060 2059 vagan‘:

466 2094 575 2154 tamen
604 2091 795 2156 sententiam
823 2111 913 2157 suam
939 2111 1035 2177 quam
1069 2094 1145 2157 ante
1172 2091 1267 2157 attuli
1303 2089 1411 2156 multis
1447 2087 1633 2156 confirmare
1669 2089 1792 2157 studuit
1822 2087 1981 2173 exemplis.
2030 2085 2061 2152 Is

466 2203 593 2289 quidem
613 2203 664 2272 his
685 2204 818 2292 aliisque
839 2207 1082 2292 argumentis¹⁰l
1103 2204 1191 2271 nisus
1213 2227 1343 2291 operam
1363 2205 1454 2273 dedit
1473 2211 1510 2272 ut
1530 2206 1698 2286 evinceret,
1719 2205 1873 2272 Varronis
1893 2203 2063 2289 delinges

466 2321 567 2386 latina
597 2321 695 2387 libros
726 2323 786 2388 etsi
819 2321 861 2387 ad
891 2321 988 2386 finem
1020 2342 1118 2406 usque
1149 2322 1357 2407 perscriptos,
1389 2321 1532 2389 nondum
1560 2327 1669 2388 tamen
1700 2320 1822 2386 ultimis
1854 2320 1937 2387 curis
1966 2317 2062 2386 fuisse

556 2613 665 2674 stoicae
688 2614 856 2690 disciplinae
878 2615 1010 2675 addictos
1031 2623 1144 2675 mature
1166 2614 1318 2690 excelluit,
1341 2617 1505 2692 veterisque
1528 2633 1612 2692 qnam
1635 2616 1733 2676 dicum
1755 2622 1837 2675 stoae
1857 2612 1966 2688 placita
1987 2612 2061 2671 adeo

558 2704 700 2780 excoluit,
721 2715 754 2765 ut
782 2715 849 2781 post
870 2724 934 2767 eum
954 2707 1024 2767 nihil
1045 2705 1107 2768 iere
1135 2713 1276 2767 mutatum
1305 2707 1352 2768 sit.
1374 2707 1498 2782 Propter
1517 2709 1623 2784 ingenii
1645 2725 1763 2768 acumen
1785 2706 1871 2766 homo
1892 2706 1954 2765 sine
1974 2702 2062 2763 dubio

555 2803 689 2857 versutus
718 2798 811 2873 (cuins
839 2799 975 2859 celeriter
1004 2814 1083 2858 mene
1111 2798 1257 2874 versetur)
1283 2805 1313 2859 et
1334 2799 1455 2876 callidus
1477 2796 1574 2881 (cuins
1595 2807 1740 2875 tamquam
1764 2813 1865 2858 manue
1886 2813 1992 2872 opere,
2020 2795 2072 2854 sic·

557 2889 668 2948 animus
690 2904 744 2949 usn
765 2889 935 2970 coucassuit)
956 2890 1036 2951 audit
1057 2889 1190 2951 Ciceroni
1211 2889 1248 2949 de
1269 2897 1331 2952 nat.
1354 2889 1433 2953 deor.
1455 2891 1496 2950 111
1519 2894 1567 2954 10.
1590 2893 1670 2950 Artis
1692 2890 1862 2950 dialecticae
1883 2887 2073 2948 amatoribus.

557 2980 682 3038 maxima
701 2979 823 3041 allectus
845 2991 890 3042 est
911 2983 1118 3058 admiratione,
1140 2984 1190 3057 qui
1211 2981 1430 3056 praedicarent,
1452 2983 1476 3041 si
1497 2982 1575 3058 apud
1598 2981 1667 3042 deos
1689 2982 1860 3041 delectione
1880 2997 1949 3039 usus
1971 2984 2063 3054 esset,

556 3087 619 3130 eam
648 3087 705 3130 non
733 3073 819 3132 aliam
847 3091 932 3148 quam
955 3073 1163 3149 Chrysippeam
1184 3071 1320 3134 futuram.
1362 3073 1511 3134 Industria
1533 3082 1618 3134 tanta
1638 3073 1733 3134 fertur
1754 3072 1859 3148 luisse,
1881 3079 1913 3131 ut
1934 3071 2062 3147 quotidie

551 3163 724 3238 quingentos
745 3180 845 3225 sersus
866 3167 994 3226 scribere
1015 3164 1118 3225 solitus
1140 3174 1226 3226 esset.
1270 3164 1455 3242 Quapropter
1483 3183 1539 3227 non
1568 3165 1710 3228 mirabere
1737 3163 1840 3225 DCCV
1870 3163 1932 3223 lere
1961 3161 1998 3222 ab
2026 3177 2061 3223 eo

556 3263 691 3315 exarmet
719 3258 880 3316 enumerari
909 3257 1017 3332 libros,
1046 3273 1168 3331 quorum
1197 3258 1347 3334 catalogus
1367 3257 1446 3333 apud
1467 3257 1625 3334 Diogenem
1647 3257 1795 3318 Locrnrm
1818 3261 1909 3316 extat.
1952 3254 2061 3314 'l'amen

555 3353 673 3420 praeter
701 3362 795 3421 pauca
823 3346 988 3430 fragmenta
1015 3365 1090 3426 quae
1110 3347 1212 3408 cicero
1234 3348 1407 3410 Plutarchus
1434 3350 1543 3410 Seneca
1567 3349 1675 3412 Gellius
1698 3349 1833 3408 Laertius
1862 3355 2060 3422 servaverunt,

553 3438 623 3497 nihil
645 3455 681 3498 ex
703 3440 827 3499 maxima
848 3441 987 3500 librorum
1007 3440 1083 3500 mole
1104 3447 1247 3514 superest.
1292 3441 1360 3502 Viro
1381 3441 1514 3501 lectionis
1543 3441 1627 3516 copia
1654 3441 1812 3500 abundanti
1841 3438 2007 3499 nonnullam
2030 3439 2061 3498 in

556 3529 702 3589 laudando
723 3539 911 3606 asperserunt
942 3531 1117 3592 labeculam:
1147 3532 1320 3606 scriptorum
1344 3535 1418 3594 enim
1440 3533 1511 3594 locis
1532 3550 1596 3593 eum
1618 3540 1739 3592 narrant
1759 3547 1812 3591 sua
1832 3532 1875 3589 ita
1897 3529 2056 3604 refersisse,

553 3628 586 3681 nt
607 3622 802 3697 Apollodorus
831 3623 953 3699 dixerit,
974 3623 998 3683 si
1021 3625 1083 3699 quis
1105 3623 1279 3684 tolleretde
1301 3623 1456 3700 Chrysippi
1477 3626 1559 3685 iihrie
1581 3640 1655 3700 quae
1675 3625 1770 3695 mena
1795 3629 1910 3697 essent,
1940 3637 2061 3682 vacuam

553 3713 594 3774 illi
616 3714 747 3774 chartam
766 3716 899 3776 relictum
920 3717 966 3776 iri.
1009 3715 1079 3776 Risu
1102 3714 1219 3790 effusus,
1241 3732 1305 3776 com
1327 3717 1438 3776 minum
1460 3715 1531 3776 ficus
1553 3716 1703 3777 comedere
1725 3716 1845 3776 vidisset
1866 3717 1951 3789 eique
1972 3717 2060 3775 etiam

510 3799 513 3809 ’
553 3823 663 3866 merum
684 3805 820 3880 praeberi
840 3808 981 3882 iussisset,
1003 3807 1079 3868 diem
1101 3825 1266 3884 supremum
1282 3807 1378 3870 obisse
1398 3825 1417 3868 a
1440 3807 1609 3884 quibusdam
1630 3807 1765 3868 traditur.
1799 3803 1843 3867 (il.
1860 3805 1944 3880 Diog.
1960 3805 2060 3868 tueri.

552 3897 606 3956 VII
631 3900 688 3958 rte
717 3915 779 3974 sqq.
803 3899 882 3962 Suid.
914 3917 938 3962 s.
962 3917 988 3961 v.
1012 3895 1128 3980 Chrys.
1158 3901 1288 3974 aliosque
1318 3900 1354 3961 de
1376 3915 1497 3975 quorum
1518 3899 1600 3958 libris
1622 3898 1681 3960 rid.
1702 3897 1827 3958 Prelleri
1848 3897 1917 3958 hist.
1939 3896 2008 3971 phil.
2030 3914 2060 3972 p.

552 3991 611 4050 ete
635 4007 696 4065 sqq.
720 4023 757 4034 -
782 3991 827 4050 De
850 3991 1006 4066 Antipatro
1032 3994 1124 4052 stoico
1146 3991 1284 4053 'farsensi
1307 3989 1343 4052 cl.
1365 3990 1525 4054 Prellerum
1547 3991 1567 4051 l.
1589 4005 1614 4050 u
1637 3987 1805 4049 -Stoicis
1835 3989 2060 4064 Aristophanem

552 4087 581 4140 et
604 4081 811 4156 Apollodorum
834 4083 1038 4158 grammaticos
1059 4083 1152 4158 iungit
1172 4082 1282 4156 Varro;
1305 4083 1437 4143 similiter
1458 4082 1484 4142 V
1505 4083 1523 4142 9
1543 4081 1767 4155 Aristophanem
1790 4078 1932 4140 Cleanthi.

487 4175 529 4250 ¹⁰)
551 4172 711 4236 Muellerus
737 4174 828 4248 praei.
856 4190 886 4249 p.
907 4173 961 4233 VII
990 4191 1055 4249 sqq.
1077 4173 1178 4248 docet,
1203 4174 1363 4236 Varronem
1384 4174 1421 4236 de
1442 4174 1544 4234 iisdem
1565 4174 1653 4233 rebus
1674 4171 1775 4232 eadem
1797 4171 1916 4232 tradere
1938 4171 2059 4233 disemis

550 4265 640 4339 locis,
668 4265 726 4326 alia
754 4267 932 4341 correxisse,
960 4266 1017 4327 alia
1047 4282 1121 4340 quae
1143 4282 1207 4326 cam
1236 4268 1293 4327 illis
1313 4267 1413 4328 intime
1434 4265 1639 4340 cohaererent,
1661 4281 1718 4324 non
1740 4271 1872 4325 correcta
1893 4263 2074 4339 reliquissm,

550 4357 688 4418 nonnulla
709 4356 854 4418 addidisse
875 4374 949 4432 quae
969 4374 1034 4417 cum
1054 4357 1100 4418 his
1121 4374 1195 4432 qnae
1215 4360 1296 4434 prius
1307 4359 1480 4434 scripsisset,
1502 4363 1583 4417 arcte
1605 4357 1786 4416 committere
1808 4363 1838 4417 et
1858 4356 2073 4416 commhsuras·

551 4451 639 4510 tereti
662 4449 753 4525 digito
775 4449 921 4524 laevigare
949 4449 1111 4526 omisisset3
1138 4449 1206 4510 libri
1234 4451 1277 4511 sui
1308 4451 1430 4526 margini
1458 4447 1549 4508 multa
1577 4447 1766 4524 adscripsisse
1794 4454 1898 4525 postea
1917 4463 1974 4506 non
1997 4447 2073 4508 siue-

550 4543 710 4602 mutatione
726 4540 880 4602 verborum
902 4557 966 4601 cum
982 4542 1143 4618 conmodis,
1166 4558 1237 4617 quas
1259 4549 1327 4602 ante
1346 4541 1518 4616 scripsisset,
1541 4555 1576 4600 ea
1590 4540 1768 4612 vinctorum
1791 4538 1914 4613 denique
1927 4545 2069 4598 extremo.

548 4633 625 4694 libro
648 4635 780 4709 septimo,
802 4640 956 4708 postquam
977 4633 1056 4708 apud
1077 4640 1181 4708 poetas
1202 4635 1294 4694 multa
1313 4634 1426 4708 reliqua
1445 4647 1511 4692 esse
1529 4631 1620 4692 rerba
1634 4630 1765 4707 dixisset,
1788 4646 1909 4706 quorum
1931 4631 2057 4706 origims

550 4725 725 4800 aperiendae
752 4731 868 4800 essent,
897 4725 1039 4786 vocabula
1066 4725 1238 4800 explicanda
1265 4732 1369 4801 petere
1398 4741 1434 4785 ex
1463 4724 1548 4784 nnius
1577 4722 1681 4783 Naevii
1705 4723 1848 4799 poematis
1877 4723 2058 4797 maximeque

550 4819 611 4879 eius
625 4817 790 4893 comoedhs,
813 4832 885 4892 quas
899 4815 1059 4877 Muellerus
1074 4819 1103 4877 in
1119 4817 1354 4879 macedonibus
1371 4817 1496 4892 explicat
1511 4813 1667 4876 secundum
1682 4816 1795 4875 litteras
1812 4830 1875 4874 esse
1890 4813 2070 4889 dispositas„
