4684 5792
1099 811 1149 876 ’35

328 1011 566 1078 edldurcellum
583 1012 626 1078 ‘de
648 1009 867 1097 eisscriptum
887 1009 1105 1091 tirisse,·'tastis
1127 1011 1345 1078 estOherisius
1366 1033 1397 1096 p.
1419 1011 1489 1090 241,
1511 1009 1561 1075 27.
1588 1008 1634 1076 of.
1651 1008 1843 1098 Wilmenns.
1865 1009 1890 1080 1.
1910 1017 1937 1082 o.

327 1151 359 1214 p.
381 1129 421 1194 73
442 1126 533 1199 206.Ι
577 1119 578 1124 ¹
1269 1131 1289 1158 ²

850 1293 922 1377 Da
954 1285 1178 1418 casuum
1194 1269 1424 1380 numero.

429 1480 544 1548 Utrum
566 1483 706 1567 quinque
727 1503 769 1546 an
799 1503 853 1548 sex
880 1503 970 1548 cesus
997 1482 1180 1547 distinxerit
1200 1479 1305 1547 Verro
1334 1481 1510 1566 disputant.
1551 1480 1729 1546 Varronem
1758 1482 1873 1548 stoicos
1901 1486 1940 1549 nt

313 1599 511 1684 saepissime
533 1604 674 1665 secutum
695 1598 835 1683 quinque
855 1599 995 1684 posuisse
1018 1621 1107 1665 cesus
1127 1599 1239 1682 procul
1259 1598 1356 1665 dubio
1376 1600 1608 1678 videturesse,
1637 1598 1665 1664 si
1685 1599 1816 1685 respicis
1837 1599 1879 1665 ed
1900 1576 1955 1666 se.

315 1737 412 1799 'quae
439 1715 522 1782 libro
549 1715 631 1782 VIII
659 1717 699 1781 16
723 1738 756 1801 p.
780 1716 845 1780 403
873 1716 970 1802 vulgo
998 1716 1043 1782 sic
1069 1717 1237 1802 leguntur:
1265 1715 1410 1801 ,Propter
1440 1737 1548 1782 sorum
1577 1716 1633 1800 qui
1663 1716 1827 1800 dicunt48)
1863 1721 1940 1783 snut

330 1833 479 1900 declinati
500 1855 598 1913 casus,
620 1835 669 1900 uti
689 1834 716 1898 is
737 1835 792 1919 qui
813 1833 853 1900 de
874 1834 973 1899 eltero
995 1833 1115 1899 diceret
1136 1832 1331 1918 distinguere
1352 1836 1459 1917 posset
1479 1855 1574 1916 quom
1592 1837 1722 1899 vocaret
1735 1854 1831 1918 quom
1843 1821 1941 1900 'dares

330 1971 424 2034 quom
447 1954 625 2017 accusaret:
648 1952 693 2016 sio
709 1951 773 2016 elie
787 1945 1011 2017 eiusdemmodi
1019 1949 1063 2035 ⁴⁹)
1085 1949 1267 2016 discrimine
1281 1972 1362 2035 ques
1382 1972 1441 2016 nos
1461 1953 1495 2016 et
1510 1948 1646 2016 Graecos
1662 1951 1702 2016 ed
1717 1949 1940 2018 declinandum

329 2065 496 2132 duxeruut.
540 2065 615 2133 Sine
636 2069 853 2134 controversie
872 2073 947 2134 sunt
968 2035 1180 2153 ‹iainquesso
1222 2067 1358 2152 Propter
1377 2064 1462 2133 hano
1476 2066 1644 2133 lectionem
1664 2067 1817 2134 usitatam
1837 2067 1939 2136 ineis

327 2205 410 2267 ques
443 2189 606 2250 secuntur:
644 2184 730 2264 ,Quis
758 2189 889 2250 vocetur
917 2190 955 2251 ut
981 2183 1151 2264 Hercules,
1180 2185 1445 2270 quemadmodum
1469 2188 1599 2250 vocetur
1626 2189 1664 2250 ut
1690 2184 1843 2264 Hercule,
1875 2206 1938 2270 quo

327 2306 459 2368 vocetur
479 2306 516 2367 ut
538 2301 580 2368 sd
599 2302 777 2382 Herculem,
800 2323 820 2366 a
841 2323 902 2388 quo
923 2306 1054 2395 rocetos
1074 2306 1111 2367 ut
1130 2301 1172 2366 eb
1194 2301 1340 2382 Hercule,
1363 2302 1439 2387 quoi
1458 2305 1588 2368 vocetur
1608 2305 1646 2366 ut
1662 2301 1803 2382 Herculi,
1825 2302 1937 2387 quoius

328 2423 458 2486 vocetur
479 2424 516 2485 ut
536 2419 691 2487 Herculis‘
714 2419 901 2506 Spengelius
929 2419 1027 2485 verbe
1048 2440 1070 2484 a
1090 2439 1150 2502 quo
1176 2423 1303 2488 vaomar
1329 2424 1365 2484 ut
1394 2419 1434 2485 ol>
1461 2417 1598 2485 Hercule
1626 2420 1715 2487 uncis
1743 2419 1872 2485 inclusit
1900 2422 1940 2484 nt

327 2535 450 2620 spurie3
473 2535 641 2602 Muellerus
663 2536 772 2602 eedem
794 2537 931 2617 sustulit,
953 2557 1035 2620 quae
1055 2537 1207 2622 proximis
1230 2536 1269 2602 de
1289 2536 1430 2622 quinque
1450 2536 1573 2602 casibru
1591 2535 1686 2601 dictis
1700 2536 1795 2621 plane
1810 2541 1938 2602 contre

328 2651 453 2730 dicunt3
474 2652 705 2720 Wilmannsius
725 2655 745 2718 l.
767 2653 787 2720 l.
810 2677 841 2740 p.
856 2654 895 2718 12
917 2654 1024 2719 omnia
1046 2654 1233 2740 expellenda
1253 2655 1412 2738 opinatur,
1424 2654 1508 2720 licet
1530 2656 1564 2718 in
1585 2654 1732 2719 omnibus
1752 2653 1842 2718 libris
1863 2673 1937 2719 mss.

328 2768 467 2852 (praeter
488 2769 565 2858 cod.
578 2768 613 2834 B
634 2769 801 2857 Spengeli,
824 2792 916 2855 quem
935 2771 1054 2836 librum
1074 2772 1102 2836 is
1123 2772 1215 2837 velde
1235 2771 1465 2857 interpolatum
1487 2776 1520 2837 et
1540 2775 1716 2838 correctum
1738 2769 1816 2834 dicit
1836 2769 1937 2853 prael.

328 2909 360 2971 p.
381 2885 504 2972 XVIII)
525 2887 742 2954 invenientur.
759 2925 799 2936 -
820 2885 884 2954 Sed
913 2888 968 2954 elii
996 2892 1070 2954 suut
1098 2888 1175 2969 loci,
1204 2889 1318 2974 quibus
1346 2911 1401 2954 sex
1430 2911 1520 2955 cesus
1548 2889 1729 2956 distinxisse
1758 2887 1937 2954 Varronem

329 3002 473 3070 efficitur.
487 3005 533 3052 ’-
556 3003 743 3071 LibroVIII
765 3007 806 3071 63
828 3030 858 3092 p.
880 3006 943 3071 438
962 3004 1041 3076 haec
1061 3005 1228 3092 leguntur:
1251 3007 1351 3094 ,Alios
1373 3005 1570 3089 (nominatus
1589 3010 1622 3071 et
1645 3003 1938 3088 articulos)habere

328 3142 426 3186 unum
447 3122 548 3188 solnm
569 3122 704 3207 (omum)
718 3127 755 3189 ut
768 3124 894 3190 littores
908 3123 1050 3208 singulas
1061 3124 1235 3209 omasum),
1257 3124 1336 3189 elios
1349 3124 1408 3189 tris
1422 3127 1460 3188 ut
1472 3124 1637 3208 praedium
1652 3121 1775 3208 praedii
1790 3120 1938 3206 praedio;

328 3221 407 3304 elide
427 3244 579 3323 quattuor
600 3245 637 3306 ut
657 3241 720 3306 mel
741 3241 842 3306 mellis
864 3240 950 3307 melli
961 3241 1068 3318 melle3
1089 3241 1167 3306 elios
1183 3241 1322 3326 quinque
1332 3245 1371 3306 ut
1381 3240 1517 3317 Quintus
1528 3240 1639 3317 Quinti
1650 3239 1770 3316 Quinto
1781 3237 1938 3314 Quintum

329 3355 459 3434 Quinte,
484 3357 563 3422 alios
585 3379 652 3424 sex
673 3363 710 3424 ut
738 3380 818 3424 unus
848 3359 940 3424 unius
969 3359 1025 3424 uni
1053 3379 1151 3423 unum
1178 3379 1241 3422 une
1270 3363 1354 3426 uno.⁶
1376 3357 1536 3424 —Libro
1561 3356 1698 3426 Vmot
1720 3379 1751 3441 p.
1773 3353 1850 3418 440:
1873 3351 1937 3431 ,Sic

328 3474 412 3559 (scit.
436 3475 617 3561 analogiam
638 3476 820 3561 sequentes)
838 3475 951 3544 Graeci
972 3480 1082 3542 nostre
1098 3474 1279 3560 (vocabule)
1303 3477 1412 3541 sanis
1435 3475 1614 3554 casibus,
1636 3493 1701 3539 non
1714 3473 1819 3557 quinis
1833 3472 1937 3546 dicere

185 3621 189 3632 ·
240 3626 245 3632 .
330 3592 510 3658 debebant!
532 3631 571 3642 -
592 3592 662 3659 Lib.
680 3593 766 3658 Χ30
778 3615 809 3679 p.
826 3595 885 3660 561
903 3595 942 3660 da
957 3593 1097 3661 articulis
1113 3591 1216 3657 Varro
1230 3592 1310 3660 haec
1324 3594 1417 3661 dicit:
1440 3593 1498 3674 ,De
1514 3593 1652 3678 quinque
1668 3590 1753 3658 enim
1768 3588 1939 3676 generibus

361 3876 407 3961 ⁴⁸)
430 3881 588 3942 Muellerus
608 3883 651 3942 ita
671 3885 805 3961 scripsit,
827 3903 863 3946 ex
885 3887 1025 3946 orationis
1046 3884 1192 3958 membro,
1214 3885 1260 3942 cni
1281 3883 1337 3942 hoc
1358 3883 1533 3959 respondet,
1555 3879 1725 3940 vocabulum
1747 3875 1939 3940 discrima'nu

428 3974 485 4033 huc
506 3976 584 4035 trahi
605 3992 692 4051 posse
713 3987 806 4040 ratus.
829 4010 869 4022 -
890 3973 1041 4039 <luuntur
1061 3977 1140 4037 Flor.
1159 3977 1274 4050 aliique.
1295 4008 1334 4018 -
1358 3971 1468 4036 dicam
1488 3991 1582 4036 mam
1604 3974 1677 4032 coni.
1690 3971 1870 4032 Vertranins.
1891 4001 1934 4014 —

428 4060 578 4145 [Propter
598 4084 650 4131 coe
671 4069 737 4130 tum
758 4066 825 4148 qua]
847 4065 957 4130 diem
979 4085 1034 4129 scr.
1048 4069 1168 4143 Popma.
1180 4063 1341 4128 -diouut
1357 4064 1713 4140 notaromoptimeconi.
1732 4061 1937 4122 Wilnsnnsins

429 4157 446 4216 l.
468 4158 487 4219 l.
510 4175 538 4232 p.
566 4163 614 4233 11,
636 4161 730 4220 locum
742 4161 810 4220 VIII
834 4163 871 4219 14
894 4178 923 4234 p.
945 4162 1006 4219 402
1028 4167 1160 4232 seculum
1182 4160 1291 4234 ellipsis
1312 4159 1386 4218 enim
1409 4158 1509 4217 durior
1531 4155 1645 4216 videtur
1666 4171 1749 4229 quum
1772 4170 1845 4227 quae
1866 4150 1937 4230 ferri

428 4251 530 4323 possit,
552 4267 616 4310 cum
638 4251 737 4328 verbe,
758 4252 835 4313 unde
856 4252 1026 4312 vocabulum
1048 4253 1215 4312 discrimina
1235 4251 1280 4311 val
1302 4258 1407 4309 notura
1435 4249 1554 4309 trahere
1584 4253 1718 4321 oportet,
1746 4246 1830 4305 nimis
1852 4246 1939 4320 longe

428 4341 534 4402 absint.

358 4428 404 4513 ⁴⁹)
427 4432 489 4493 Sor.
512 4433 681 4496 Muellerus.
703 4469 745 4480 -
766 4431 905 4499 eiusdem
927 4435 1004 4497 Flor.
1027 4469 1067 4480 -
1088 4431 1230 4514 equidem
1251 4434 1288 4495 el.
1311 4467 1352 4479 -
1374 4428 1499 4511 quiden
1520 4432 1604 4507 vag.
1617 4431 1751 4491 Vertrun.
1768 4427 1937 4504 Sciopp-
1993 4421 1996 4426 ’

427 4521 582 4586 θίαεηιοᾶί
604 4526 783 4601 Spengelius.
807 4561 844 4574 -
867 4528 900 4587 In
921 4523 1060 4590 eiusdem
1082 4525 1158 4602 quod
1179 4526 1362 4586 Florentinus
1384 4523 1473 4584 hebet
1494 4523 1563 4582 mihi
1585 4521 1700 4583 videtur
1728 4521 1820 4581 latere
1847 4519 1936 4580 lectio

428 4612 498 4676 eius
517 4613 653 4694 perieris.

360 4701 406 4786 ⁵⁰)
429 4702 572 4784 Quiquoe
593 4707 671 4768 Flor.
694 4715 725 4768 et
745 4726 835 4784 supra
860 4707 897 4785 Θ,
919 4711 1051 4771 lectionis
1073 4697 1366 4789 mendum-indicens.

361 4797 406 4881 ⁵¹)
430 4797 473 4859 ef.
495 4799 524 4858 X
545 4801 586 4859 82
608 4817 636 4874 p.
661 4802 737 4860 590:
766 4801 808 4876 ,Si
835 4819 921 4862 unum
945 4804 1037 4862 solum
1065 4804 1172 4863 hebent
1202 4818 1301 4862 cusum
1328 4802 1357 4861 in
1379 4817 1465 4874 voce,
1498 4797 1575 4874 quod
1597 4814 1655 4858 non
1677 4795 1875 4882 declinentur,
1903 4799 1938 4852 ut
2058 4791 2061 4796 “

427 4893 542 4952 littoreo
564 4909 671 4954 omues.

1681 5019 1682 5024 ,
1749 4998 1780 5053 5.
